2340 3840
61 181 122 244 180

86 371 118 424 V.
139 371 188 423 583
205 379 229 422 et
247 373 299 424 584
315 371 436 424 trochaici
454 372 591 437 septenarii

94 482 104 492 ·
141 454 191 506 585
210 458 242 506 00
260 455 310 507 588
328 455 431 506 iambici
449 455 572 506 octonarii

93 560 106 573 -
140 527 191 588 589
209 536 302 588 01580
319 537 421 588 iambici
440 537 533 587 senarii

93 645 105 654 ·
141 619 189 670 591
210 621 243 669 ad
261 619 312 671 013
329 619 451 671 trochaici
468 623 605 686 septenarii

93 731 105 740 -
140 702 190 754 814
208 705 241 754 00
258 704 308 755 822
326 704 428 754 iambici
445 706 568 753 octonarii

95 812 105 823 ·
140 784 191 837 623
209 787 242 835 ad
258 785 309 837 887
324 784 443 835 trochaici
460 786 597 849 septenarii
618 771 621 774 Α

95 894 106 906 ·
142 867 193 920 888
212 869 246 918 00
263 867 314 920 678
331 867 435 917 iambici
452 869 574 920 octonarii

95 979 106 989 -
141 951 192 1002 678
209 952 242 1000 00
261 949 311 1000 707
329 951 431 1000 iambici
448 951 587 1015 septenarii

93 1063 106 1073 -
141 1035 191 1087 709
209 1037 242 1085 ad
260 1037 310 1085 722
327 1035 449 1086 trochaici
466 1037 603 1100 septenarii

94 1142 108 1155 ·
143 1116 194 1168 723
211 1115 248 1166 ad
260 1119 311 1173 748
332 1119 435 1168 iambici
452 1117 590 1183 septenarb

95 1228 121 1269 ·,
141 1199 191 1250 749
209 1202 241 1250 ad
259 1202 310 1253 873
328 1201 430 1250 iambici
446 1201 540 1250 senarii

97 1311 106 1320 -
141 1282 192 1333 874
210 1284 241 1332 ad
259 1282 308 1332 807
327 1282 449 1333 trochaici
464 1284 604 1347 septenarii

91 1390 108 1406 ι
142 1366 194 1419 908
211 1369 244 1419 00
260 1367 311 1421 939
329 1369 433 1418 iambici
451 1369 545 1419 senarii

93 1472 107 1490 s
142 1452 193 1504 940
211 1455 243 1504 ad
261 1453 312 1505 979
329 1455 450 1505 trochaici
469 1453 623 1519 septenarii

96 1565 107 1576 ·
141 1535 193 1588 980
211 1538 243 1586 00
258 1535 309 1587 999
326 1530 426 1587 iambici
446 1538 568 1586 octonarii

95 1651 107 1658 -
143 1619 210 1671 1000
227 1621 261 1670 ad
279 1621 347 1673 1002
365 1622 467 1671 iambici
484 1622 621 1690 septenarii

96 1735 108 1744 -
144 1703 210 1754 1003
229 1705 351 1754 iambicus
368 1706 512 1754 octonarius

96 1818 107 1827 -
144 1786 211 1838 1004
227 1787 353 1837 iambicus
370 1789 544 1850 quaternarius

97 1899 109 1910 -
144 1869 209 1922 1005
228 1871 262 1920 00
280 1868 347 1920 1012
364 1869 468 1920 iambici
486 1868 606 1919 octonarii

97 1978 110 1988 -
145 1951 212 2004 1013
230 1954 264 2003 ad
283 1953 348 2005 1018
366 1952 488 2004 trochaici
505 1941 641 2015 septenarii

96 2065 108 2076 -
144 2036 210 2086 1017
228 2043 253 2086 et
270 2035 337 2087 1018
355 2038 454 2087 iambici
472 2034 595 2087 octonarii

96 2145 110 2158 ·
143 2118 209 2169 1021
228 2120 261 2169 ad
276 2119 342 2171 1087
361 2118 480 2170 trochaici
494 2118 643 2178 septenarii.
