2340 3840
338 525 674 600 PROLOGVS.

91 690 255 769 l'ostquim
270 694 364 770 poete
380 694 478 753 sensit
492 695 673 775 scripturtm
690 716 773 757 suum

89 788 137 847 Ab
151 789 266 867 iniquis
283 790 443 850 obseruiri
464 795 496 850 et
510 788 704 852 uduorstrios

89 884 211 964 Rupere
227 887 259 943 in
276 886 416 965 peiorem
431 889 551 965 ptrtem
568 905 657 965 quam
673 890 771 947 acturi
787 907 906 948 sumus:

88 981 204 1042 Indicio
223 982 262 1043 de
278 1002 347 1044 sese
361 985 428 1064 ipse
444 985 523 1061 erit,
544 1003 600 1044 nos
615 984 745 1064 iudices,

88 1079 207 1140 Landin
223 1099 260 1139 en
275 1081 352 1140 nitio
370 1079 441 1140 dulci
458 1079 492 1140 id
506 1081 621 1142 lectum
637 1086 788 1164 opdrteut.
988 1099 1005 1150 5

89 1178 414 1260 Synapothnescontes
428 1177 547 1258 Diphili
565 1180 769 1241 comoediust'z

88 1279 163 1340 Eum
179 1277 416 1338 Commorientis
431 1275 558 1338 Plsdtus
572 1278 649 1339 fecit
663 1277 807 1341 ftbulsm.

88 1377 123 1436 ln
138 1377 258 1437 Graece
271 1375 452 1436 adulescens
468 1376 531 1454 est,
554 1376 605 1455 qui
619 1375 726 1437 lenoni
743 1377 837 1457 eripit

88 1477 291 1537 Meretricem
305 1475 336 1533 in
352 1475 451 1554 prims
465 1472 584 1535 fibula:
606 1493 675 1534 eum
692 1475 821 1537 Plautius
835 1476 937 1538 locum

87 1573 228 1651 Reliquit
241 1573 404 1651 integrum.
428 1591 498 1633 eum
512 1573 563 1633 hic
576 1570 679 1632 locum
694 1579 823 1656 sumpsit
838 1578 897 1637 sibi
976 1590 1008 1642 10

88 1673 123 1732 ln
140 1668 318 1750 Adelphos,
340 1673 469 1731 uerbum
484 1668 524 1729 de
540 1673 637 1731 uerbo
653 1690 829 1751 expressum
844 1675 964 1736 extulit

88 1772 163 1830 Eum
178 1773 234 1830 uis
251 1770 350 1829 sctnri
364 1769 467 1829 suimus
482 1787 607 1830 nonum:
627 1773 806 1852 perndscite

88 1870 260 1929 Furtdmne
274 1867 389 1928 luctum
403 1869 594 1930 existumetis
614 1869 767 1931 inlocum

88 1968 297 2048 Reprdnsum‚
320 1968 373 2046 qui
388 1968 577 2048 praeteritus
592 1966 827 2047 neglegentium.

89 2064 164 2124 Nam
181 2063 264 2142 quod
277 2065 331 2125 lstl
341 2064 454 2125 'dicunt
468 2061 622 2143 milluoli‚
643 2066 784 2126 homines
799 2063 913 2126 nobilis
973 2076 1005 2128 15

88 2163 167 2222 Eum
181 2161 320 2223 tdintsre
338 2162 527 2243 adsidueque
542 2182 601 2223 unu
618 2165 775 2225 scribere:

90 2260 179 2336 Quod
194 2259 243 2320 illi
256 2259 452 2322 maledictum
469 2263 595 2322 demens
611 2280 680 2322 esse
694 2264 888 2341 existumant,

88 2361 165 2422 llam
178 2358 300 2420 laudem
317 2362 368 2421 hic
384 2360 470 2420 ducit
483 2363 667 2438 minumum,
689 2379 780 2440 quom
794 2358 858 2421 illis
872 2359 985 2441 placet,

89 2460 149 2535 Qui
161 2460 249 2519 uthis
263 2460 419 2520 uninorsis
433 2465 467 2519 et
480 2456 595 2539 populi
609 2457 743 2539 placent,

90 2559 226 2636 Quorum
245 2559 340 2638 opera
354 2558 388 2617 in
403 2555 507 2636 bello,
528 2557 562 2617 ln
577 2558 656 2636 otio,
676 2557 710 2617 in
724 2557 850 2635 negotio
973 2568 1008 2620 20

90 2655 152 2716 Suo
171 2658 299 2735 quisque
313 2662 455 2735 tempore
471 2656 559 2716 uisust
573 2655 640 2715 sine
655 2654 808 2734 superbis.

88 2753 209 2814 Dehinc
222 2770 263 2812 ne
280 2753 452 2832 expectetis
469 2756 680 2832 trgnmentum
695 2748 834 2811 ftbulset

89 2850 187 2912 Senes
203 2852 256 2931 qui
269 2851 363 2932 primi
376 2852 520 2930 uenient,
543 2852 573 2911 ei
586 2856 705 2931 purtem
713 2848 874 2936 'iper-ient²

89 2949 123 3008 ln
138 2948 257 3027 agendo
272 2954 393 3029 purtem
410 2948 586 3011 ostendent.
607 2948 702 3009 facite
717 2947 936 3024 sequtulmitos

814 3069 833 3104 ¹}

90 3137 209 3206 Poetae
224 3143 263 3205 ud
278 3143 476 3205 scribendum
489 3145 599 3224 edgoot
612 3141 803 3203 industrium.
972 3148 1006 3203 to
