2340 3840
46 185 199 241 isis-ss
419 180 627 243 ANDRIA.
675 208 684 215 -
984 182 1025 244 33

100 357 175 417 Tibi
197 353 309 415 uideor
331 369 415 429 csse,
437 352 529 430 quem
549 357 612 409 tam
631 356 740 431 aperte
763 349 876 412 fillcrc
897 352 1026 431 incipite

476 444 579 507 dolis?

99 550 219 613 Saltem
247 553 408 627 tccurcte,
438 554 472 607 ut
499 547 594 606 me'tui
621 545 731 606 uidear
752 549 855 625 certe,
883 549 910 608 si
929 553 1026 609 resci-

487 646 595 706 uerim.

48 770 74 811 s.
100 751 198 811 Certe
220 746 330 809 hercle
351 767 432 808 nunc
453 746 504 805 hic
525 763 558 804 se
580 746 664 822 ipsus
678 742 777 817 fallit,
792 742 874 803 haid
888 763 955 823 ego.
980 746 1022 807 Si.
1044 759 1068 800 is

371 907 380 918 ,
471 842 563 905 Edixi
582 843 651 921 tibi,
975 852 1026 906 495

98 946 317 1006 interminatus
346 944 429 1021 siim,
458 961 498 1003 ne
514 942 650 1002 faceres:
680 940 752 1000 mim
773 940 924 1001 ueritu’si
953 941 1025 1021 quid

477 1041 513 1099 re
533 1037 626 1098 tulit?

99 1139 227 1202 Credin
248 1141 306 1200 tibi
326 1141 385 1200 hoc
407 1158 505 1215 nunc,
526 1139 688 1219 peperisse
710 1139 789 1198 hanc
810 1137 1026 1217 ePtmphiioi

46 1261 71 1299 s.
100 1240 210 1300 Tenet
240 1237 314 1317 quid
342 1244 444 1316 erret,
472 1240 503 1296 et
527 1235 600 1314 quid
622 1255 707 1314 egem
729 1237 838 1296 haheo,
876 1237 918 1297 S1.
948 1237 1027 1312 Quid

478 1334 584 1397 taces?

46 1454 73 1494 s.
101 1434 184 1513 Quid
205 1433 336 1495 credas?
357 1435 443 1513 qussi
463 1452 525 1492 non
545 1433 601 1492 tibi
622 1433 799 1493 renuntitta
814 1433 876 1492 sint
890 1433 967 1492 haec
982 1436 1025 1493 sic

475 1533 553 1592 fore.

46 1648 59 1689 ι.
99 1631 204 1691 Mihin
232 1630 417 1710 quisquam?
443 1630 502 1691 lis.
530 1629 598 1689 Eho
625 1648 663 1687 an
689 1636 757 1689 tute
784 1628 940 1689 intellexti
967 1630 1026 1689 hcc
1044 1647 1069 1687 2⁰

475 1724 674 1786 sisimularit
696 1724 737 1786 Si.
760 1724 910 1785 landecr.
975 1737 1026 1788 500

48 1845 74 1885 s.
99 1827 367 1887 Renintistumst:
386 1830 457 1885 nim
480 1827 532 1902 qui
551 1825 610 1885 tibi
629 1826 726 1883 istaec
745 1823 854 1883 incidit
874 1825 1025 1903 suspitio?

46 1943 63 1984 1.
98 1924 181 2002 Qui?
205 1925 275 2003 quis
295 1930 328 1983 te
348 1942 463 1983 noram.
495 1923 554 1981 DA.
577 1922 670 1998 Qutsi
691 1919 843 1998 eudicus,
864 1921 979 1980 fictum
993 1920 1025 1980 id

476 2016 604 2078 consiliii
623 2036 702 2078 meo.

46 2135 61 2176 1.
98 2119 196 2178 Certe
221 2117 302 2176 enim
323 2118 397 2176 scio.
430 2117 489 2178 ΒΔ.
510 2116 579 2175 Non
599 2115 673 2174 sitis
692 2135 741 2175 me
760 2118 902 2196 pernosti
923 2117 1025 2194 e'tism,

476 2211 575 2292 qualis
596 2215 669 2291 slm,
691 2213 786 2272 Simo.

46 2332 58 2371 ι.
98 2313 189 2389 Egon
209 2311 266 2371 tt?
287 2311 346 2374 ΒΔ.
369 2309 432 2369 Sed
455 2306 558 2388 siquid
579 2310 636 2370 tibi
656 2329 784 2370 narrare
807 2311 929 2390 occepi,
953 2331 1026 2371 cou-

476 2409 562 2466 tinuci
584 2405 652 2465 dari
680 2399 699 2422 “’

99 2506 177 2567 Tibi
191 2506 286 2565 uerba
307 2523 415 2565 censes
437 2504 532 2565 filsc:
553 2507 659 2583 itaque
675 2503 783 2564 hercle
800 2503 846 2564 nss
867 2506 927 2564 ism
943 2515 1024 2566 mut·
1041 2522 1067 2566 ze

474 2607 535 2665 tire
557 2602 667 2664 elides.
974 2614 1025 2668 505
1082 2629 1084 2633 ·

46 2724 58 2765 ι,
100 2705 172 2764 Hoc
199 2705 256 2782 ego
285 2705 348 2763 scic
378 2723 487 2781 unum,
514 2704 669 2763 neminem
689 2704 851 2783 peperisse
872 2703 933 2763 hic.
965 2703 1024 2766 lis.

473 2800 641 2862 Intellexti.

98 2899 166 2961 Sed
199 2898 265 2959 nilo
299 2901 396 2960 setisis
429 2922 499 2962 mcx
533 2919 662 2981 puerum
695 2900 755 2960 huc
782 2897 926 2960 deferent
953 2908 1024 2960 ente

474 2999 593 3058 (istium.

98 3092 136 3155 ld
154 3095 211 3173 ego
233 3095 293 3155 ism
313 3114 394 3155 nunc
410 3097 486 3175 tibi,
508 3098 579 3174 erc,
601 3098 745 3157 renuntit
762 3098 913 3172 futurum,
936 3106 969 3155 ut
982 3099 1024 3156 sis

474 3195 586 3272 sciens,

97 3288 147 3350 Ne
169 3295 204 3348 tu
223 3292 282 3350 hic
303 3293 459 3371 posterius
481 3291 563 3351 dicas
584 3292 661 3351 Daui
683 3292 796 3352 fictum
819 3289 947 3350 consilis
972 3290 1024 3349 anit

477 3386 573 3449 dolis:

100 3475 266 3533 Tsscsnvs.
801 3472 822 3536 ὅ
