2340 3840
123 186 187 255 114
488 184 776 251 uvsvcuvs.
940 155 1146 243 vsu-m

145 346 149 351 ’
208 356 297 433 Qudd
311 344 368 434 ege
389 374 552 434 numquam
571 340 636 415 uidi
649 355 720 414 fieri
734 355 836 434 neque
856 353 960 416 uelim.
994 356 1049 418 ΡΥ.
1065 359 1129 434 Qus

580 449 707 511 uuddeiu

208 552 343 613 Tdntum
363 551 482 611 iseiuus
504 547 620 608 uddet‘i
639 548 696 608 ΡΥ.
719 545 805 625 Quid·
819 549 864 608 its
883 551 1049 611 ‘tdutum'i
1071 551 1127 612 ΡΑ.

360 637 366 650 ’
552 648 626 707 'An
647 666 709 706 non
731 646 791 706 hoc
811 648 1035 709 mdxumumsti

207 750 281 825 Quis
302 749 394 808 homo
416 766 474 827 pro
495 747 624 807 moecho
647 746 790 824 quuem
806 744 887 806 uidit
907 749 940 806 iu
960 745 1050 807 domo
1065 766 1129 807 me-

578 843 707 904 retricis
1077 853 1129 907 960

206 942 324 1004 Prendi
353 943 557 1021 quemquam?
607 940 663 1000 ΡΥ.
690 938 814 1000 Nescio.
850 939 906 1000 ΡΛ.
933 941 976 999 At
1002 959 1043 1000 ue
1070 942 1129 1001 hoe

578 1038 743 1116 nescistis,
762 1037 906 1117 Pythium

79 1135 106 1205 so
208 1140 301 1217 Dico,
317 1136 405 1198 edico
420 1137 527 1215 uthis,
547 1142 686 1196 nostrum
703 1152 772 1195 esse
794 1133 883 1194 illum
894 1132 1005 1194 erilem
1019 1134 1126 1197 fflium.

576 1234 631 1293 ΡΥ.
652 1232 743 1310 Hem,

210 1317 365 1410 Obsecro,
394 1350 432 1390 un
458 1331 485 1389 is
517 1329 603 1389 est‘i'
631 1328 687 1389 ΡΑ.
712 1328 850 1408 Nequam
876 1329 908 1387 iu
926 1327 1013 1388 illum
1033 1328 1131 1388 'l'hdis

577 1427 639 1485 uim
660 1426 731 1486 fieri
750 1426 844 1486 shut!

207 1508 309 1605 dtque
332 1524 409 1585 udeo
432 1530 532 1584 autem
555 1528 633 1603 qudr
647 1544 710 1584 nou
732 1531 855 1604 egomet
869 1529 951 1585 intro
970 1529 1032 1587 eu?
1072 1529 1126 1586 ΡΥ.

578 1621 675 1698 Vide,
697 1623 861 1701 Ptrmeno,

208 1719 289 1797 Quid
311 1738 397 1798 agas,
419 1738 459 1779 ue
479 1737 581 1797 neque
605 1717 654 1778 flii
675 1720 777 1798 prosis
800 1721 832 1778 et
852 1726 887 1779 tu
907 1737 1036 1800 pereas:
1058 1740 1128 1780 num
1160 1732 1163 1737 '

578 1817 638 1876 hdc
658 1821 779 1895 putant,
1078 1827 1130 1882 965

206 1915 362 1997 Quidquid
382 1917 542 1996 factumst,
565 1920 583 1976 i
602 1922 635 1975 te
649 1933 719 1974 esse
739 1921 849 1975 ortum.
892 1915 950 1977 ΡΑ.
974 1915 1056 1992 Quid
1072 1918 1131 1994 igi-

577 2020 629 2073 tur
650 2014 760 2074 fucitm
779 2015 896 2073 miser?

76 2133 104 2176 ss
207 2113 328 2190 Quidue
356 2114 523 2193 incipiam?
552 2131 626 2172 ecce
655 2114 757 2173 sutem
778 2111 871 2172 uideo
894 2114 968 2173 nire
993 2111 1130 2173 redeuu-
1157 2132 1160 2137 ·

577 2210 641 2269 tem
663 2227 783 2270 senem:

206 2310 312 2368 Diuum
333 2309 406 2368 huic
427 2321 466 2367 eu
486 2326 548 2366 nou
565 2308 690 2368 dicum?
714 2306 812 2366 dicum
831 2304 956 2367 hercle:
978 2308 1037 2367 etsi
1051 2309 1128 2368 mihi

574 2409 716 2484 maguum
736 2404 848 2466 mulum

207 2506 278 2566 Scio
310 2510 464 2585 puratum:
501 2502 557 2563 sed
589 2508 766 2580 necessest,
797 2504 870 2563 huie
893 2508 929 2563 ut
954 2504 1127 2563 subueuidt.

447 2600 458 2626 ⁹
577 2599 633 2660 ΡΥ.
656 2599 753 2679 Supis.

207 2683 274 2776 Ego
297 2699 373 2758 sbeo
394 2698 492 2757 iutro:
515 2699 548 2757 td
570 2699 623 2757 isti
643 2717 734 2756 nurru
753 2715 843 2756 omne
859 2694 986 2775 drdine,
1007 2702 1042 2756 ut
1064 2697 1130 2757 iuc-

578 2797 644 2854 tsim
661 2796 730 2853 siet.
1077 2802 1132 2857 970

423 2961 588 3022 Lscues.
633 2962 830 3021 Psuuuso.

63 3091 177 3151 vum.
207 3092 253 3149 Ex
270 3090 339 3148 med
361 3090 536 3169 propinquo
556 3092 632 3149 nire
653 3090 713 3148 hoc
733 3089 820 3167 cupio
843 3088 1011 3150 edmmodi:

206 3188 315 3266 Neque
330 3188 395 3264 egri
410 3206 512 3265 neque
534 3189 619 3247 urbis
641 3185 743 3247 ‹idium
758 3204 806 3245 me
824 3204 966 3264 umquem
983 3187 1130 3271 percipit.
1169 3262 1170 3269 ἵ

206 3284 266 3345 Vbi
288 3285 380 3343 setius
402 3286 506 3366 coepit
525 3286 612 3362 fieri,
634 3285 786 3344 commutd
807 3281 920 3344 locum.

206 3380 270 3439 Sed
285 3387 374 3440 estne
390 3380 445 3442 ssle
460 3389 567 3442 noster
585 3383 760 3444 l'trmeuo?
780 3389 813 3443 et
834 3390 922 3443 certe
943 3385 1030 3464 ipsus
1053 3392 1108 3445 est.
1164 3418 1167 3453 ;
