2354 3840
276 747 279 752 '
304 733 424 800 11117111
441 730 547 799 titiis
564 732 720 800 11011110
738 730 827 802 utut
847 730 933 800 81117

115 930 146 982 V.
197 929 211 978 1
230 929 264 978 ad
279 928 331 978 174
347 927 451 976 iambici
470 927 564 977 senarii
640 952 642 955 v

130 1036 143 1046 -
161 1011 211 1062 175
228 1017 252 1061 et
272 1010 321 1060 177
340 1009 445 1059 iambici
462 1009 585 1060 octonarii

130 1125 143 1138 ·
162 1095 212 1146 176
229 1094 353 1144 iambicus
371 1094 547 1156 quaternarius

130 1209 144 1219 ·
162 1177 213 1228 178
232 1185 255 1228 et
270 1177 321 1228 179
338 1176 462 1226 trochaici
478 1177 618 1241 septenarii

130 1290 144 1300 ·
162 1259 212 1312 180
231 1261 264 1310 ad
280 1259 329 1311 195
346 1259 450 1309 iambici
465 1260 588 1308 octonarii

132 1374 145 1384 -
165 1343 214 1395 196
232 1345 265 1394 ad
283 1342 333 1393 198
350 1342 453 1392 iambici
471 1343 566 1391 senarii

132 1458 145 1468 -
164 1427 214 1479 199
232 1428 265 1477 ad
279 1427 331 1477 214
346 1425 451 1475 iambici
467 1426 590 1474 octonarii

132 1540 145 1550 -
162 1511 214 1562 215
232 1510 266 1560 ad
284 1509 335 1560 226
353 1508 456 1558 iambici
473 1510 568 1558 senarii

132 1622 144 1632 -
163 1594 213 1643 227
232 1591 356 1641 iambicus
371 1591 515 1640 octonarius

132 1705 145 1716 -
162 1675 213 1726 228
229 1674 263 1724 ad
276 1672 327 1724 233
342 1672 464 1723 trochaici
478 1673 617 1738 septenarii

132 1789 146 1799 -
163 1758 215 1810 234
232 1758 266 1808 ad
282 1756 334 1808 239
350 1757 453 1806 iambici
469 1757 590 1806 octonarii

132 1871 145 1882 -
163 1841 214 1892 240
229 1847 254 1891 et
272 1841 323 1890 244
341 1840 444 1889 iambici
463 1839 618 1902 quaternarii

134 1955 147 1967 ·
164 1926 214 1977 241
230 1932 254 1976 et
269 1925 321 1974 242
337 1923 460 1973 trochaici
473 1923 612 1988 septenarii

134 2038 147 2048 -
164 2007 215 2058 243
233 2007 357 2056 iambicus
373 2005 516 2054 octonarius

135 2121 147 2131 -
165 2092 216 2142 245
232 2095 256 2138 et
272 2090 322 2139 247
339 2087 461 2137 trochaici
478 2087 598 2136 octonarii

135 2204 147 2214 -
165 2173 216 2225 246
234 2163 377 2223 trochaicus
396 2171 503 2221 dimeter
521 2169 683 2221 catalecticus

134 2288 147 2298 -
164 2256 215 2308 248
232 2256 266 2306 ad
281 2256 329 2306 251
349 2254 472 2304 trochaici
486 2254 625 2319 septenarii

133 2371 146 2381 -
164 2341 216 2392 252
233 2339 358 2389 iambicus
377 2338 551 2402 quaternarius

134 2454 146 2465 -
164 2422 216 2475 253
231 2423 265 2473 ad
283 2423 334 2473 255
352 2421 456 2471 iambici
475 2420 597 2471 octonarii

133 2537 143 2547 ·
164 2506 216 2557 256
234 2506 268 2556 ad
281 2505 332 2556 260
347 2503 471 2554 trochaici
487 2501 627 2568 septenarii

136 2618 148 2628 -
166 2588 215 2639 261
233 2587 267 2637 ad
281 2585 332 2637 269
350 2585 454 2635 iambici
472 2585 595 2635 octonarii

135 2699 149 2712 ·
166 2670 217 2720 270
231 2669 264 2719 ad
282 2667 332 2718 298
346 2667 449 2716 iambici
464 2669 558 2716 senarii

136 2784 148 2794 -
166 2753 217 2803 299
234 2760 258 2802 et
276 2751 327 2802 300
344 2749 448 2799 iambici
464 2750 603 2814 septenarii

136 2865 149 2875 ·
166 2834 215 2886 301
235 2842 259 2884 et
275 2833 326 2885 305
342 2840 366 2882 et
382 2831 432 2882 307
449 2832 571 2881 trochaici
589 2832 711 2881 octonarii

135 2946 148 2956 -
166 2917 216 2967 302
236 2922 261 2965 et
276 2915 327 2965 306
343 2922 367 2964 et
382 2912 433 2965 308
446 2914 568 2964 trochaici
582 2913 721 2980 septenarii

135 3028 148 3039 -
166 2998 216 3050 303
231 3005 256 3049 et
270 2997 322 3050 304
342 2997 391 3048 309
409 2996 628 3049 coarctamini
646 2994 769 3048 octonarii

135 3111 148 3120 -
166 3082 217 3133 317
232 3080 374 3131 trochaicus
394 3081 552 3146 septenarius

135 3192 148 3202 -
165 3163 215 3214 318
230 3163 354 3212 iambicus
370 3163 484 3212 senarius

135 3271 149 3281 -
167 3245 331 3298 etesiaca
347 3246 468 3296 trochaici
485 3245 624 3310 septenarii
668 3257 674 3272 ‘

136 3358 150 3368 -
167 3329 219 3380 384
236 3330 270 3379 ad
285 3329 336 3380 393
354 3329 459 3378 iambici
473 3328 568 3378 senarii
