2340 3840
126 213 169 274 30
525 207 731 269 ANDRIA.
950 207 1133 263 uus-clu

130 379 187 441 Pu.
208 381 316 459 Neque
338 380 407 438 istie
428 395 529 456 ueque
551 375 624 435 ulibi
640 377 694 434 uisi
710 377 772 435 erit
785 394 911 455 usquam
927 376 959 434 iu
974 377 1024 435 me
1039 396 1133 436 muru.

583 475 638 533 Bu.
661 475 750 533 Hem.
882 478 884 482 ’
1082 484 1137 537 420

76 595 112 641 ‚lc
130 578 186 636 m.
215 576 382 636 obmutuit.
416 575 470 633 Bu.
494 572 575 649 Quid
597 572 695 632 dixit?
717 573 759 632 S1.
780 572 869 631 Facis
891 579 925 632 ut
945 574 978 632 te
1001 572 1104 653 (lecet,

215 674 311 748 Quom
334 674 413 733 istiic
436 667 518 750 quod
539 669 662 749 postulo
685 673 807 749 inpetro
831 689 896 728 eum
917 671 1024 748 guttis.

129 771 184 831 Bu.
214 770 286 829 Sum
309 769 422 829 uerus?
444 788 531 845 erus,
554 774 700 845 quantum
720 767 827 845 audio,
848 785 944 827 uxore
967 766 1091 827 excidit.

129 870 172 929 Si.
212 870 384 928 lmiueiam
406 870 507 944 iutro,
534 885 573 925 ue
595 870 626 925 iu
646 885 749 943 meru,
771 885 861 944 quom
885 885 960 946 opus
983 870 1038 943 uit,
1062 867 1133 926 sies.

129 969 184 1027 ΡΑ.
209 969 266 1030 Eu.
300 967 353 1026 Bu.
374 964 506 1026 Nullane
527 966 560 1024 iu
573 967 610 1025 re
624 983 693 1024 esse
713 966 874 1043 quoiquam
891 966 1010 1023 homiui
1024 964 1136 1024 fidem!

89 1077 112 1116 15
213 1065 328 1125 Verum
352 1062 431 1123 illud
451 1065 627 1139 uerbumst‚
649 1061 740 1140 utlgo
763 1061 846 1140 quod
867 1061 929 1121 dici
950 1061 1042 1140 solet,
1082 1071 1135 1125 426

213 1164 317 1221 Omnis
340 1163 398 1223 sibi
418 1159 510 1221 melle
533 1160 642 1220 melius
665 1179 839 1238 essequam
859 1159 958 1220 tlteri.

210 1262 276 1340 Ego
300 1260 383 1320 illum
406 1260 485 1320 uidi:
507 1261 657 1338 uirginem
679 1259 777 1319 formi
799 1261 898 1317 bonu·

211 1359 341 1420 Memini
363 1357 484 1418 uidere:
506 1377 565 1436 quo
588 1358 715 1435 aequior
737 1375 803 1415 sum
824 1354 995 1435 Pamphilo,

212 1456 243 1515 Si
272 1458 306 1516 se'
332 1455 470 1514 illumin
493 1456 607 1514 somnis
630 1474 718 1532 quam
742 1452 827 1512 illum
852 1452 994 1533 amplecti
1017 1453 1134 1514 miluit.

84 1566 111 1607 2³
210 1553 420 1622 Remintiubo,
442 1559 477 1610 ut
496 1571 554 1631 pro
576 1552 636 1610 hic
656 1547 735 1608 malo
758 1551 832 1609 mihi
854 1547 907 1609 de't
927 1547 1048 1610 malum.
1082 1560 1130 1614 431
1167 1609 1169 1613 ,

64 1653 113 1706 uc
128 1651 182 1710 Du:
211 1651 270 1709 Hic
291 1653 373 1711 utine
395 1670 443 1710 me
465 1649 566 1710 credit
587 1649 718 1727 iliquem
740 1650 797 1707 sibi
814 1648 966 1709 fulltcium

210 1749 341 1809 Portire
364 1755 397 1808 et
416 1768 451 1808 ea
473 1769 522 1809 me
541 1750 593 1808 hic
615 1749 767 1807 utstitisse
790 1746 895 1825 gritiu.

128 1848 169 1907 Su.
212 1847 308 1926 Quid,
342 1848 441 1926 Dine,
474 1848 601 1907 narret?
634 1847 693 1906 Du.
726 1847 834 1924 Aeque
862 1847 1023 1923 quicquum
1051 1849 1134 1906 minc

583 1944 714 2022 quidem.

129 2043 169 2102 Si.
212 2042 326 2102 Nilne?
353 2042 433 2101 he'm.
466 2042 524 2100 Du.
552 2042 602 2101 Nil
625 2063 760 2122 prorsus.
798 2042 841 2101 Su.
870 2023 965 2120 liqui
988 2049 1132 2121 expecta-

154 2135 155 2139 ’
583 2142 650 2200 blm
673 2140 806 2220 quidem.
871 2148 873 2151 '
1080 2149 1132 2202 435

97 2253 110 2292 s
127 2236 185 2293 Du.
211 2236 341 2294 Praete'r
361 2254 446 2315 spem
462 2236 585 2295 euenit:
608 2238 723 2297 sentio:
744 2239 803 2297 hoc
820 2236 899 2296 mule
913 2236 1008 2297 habet
1023 2239 1131 2297 uirum.

128 2334 168 2392 Si.
209 2335 300 2392 Potiu
323 2336 357 2394 es
378 2335 453 2394 mihi
474 2353 581 2394 uerum
602 2335 728 2396 dicere?
749 2337 808 2395 Du.
831 2335 882 2395 Nil
904 2334 1033 2396 fteilius.

65 2446 81 2475 ·
128 2431 169 2489 S1.
210 2430 291 2489 Num'
307 2429 356 2489 illi
377 2431 524 2491 molestae
547 2432 701 2513 quidpiam
721 2435 797 2493 haec
818 2441 889 2493 suut
909 2435 1036 2513 miptiue

211 2530 347 2588 Huiiisee
368 2534 499 2608 propter
521 2531 772 2591 cinsuetudinem
794 2533 956 2611 hispitue?

127 2625 183 2684 Du.
209 2624 260 2684 Nil
281 2624 406 2684 hercle:
429 2633 494 2702 aut,
517 2629 542 2685 si
566 2627 659 2706 adeo,
680 2628 794 2687 biduist
816 2636 867 2686 aut
888 2627 982 2686 tridui
1079 2638 1131 2690 440

88 2755 110 2794 m
211 2723 296 2782 Haec
318 2721 511 2783 sdllieitudoz
532 2728 636 2785 mistii
658 2725 769 2786 deiude
791 2723 920 2785 desinet.

211 2820 334 2878 Etenim
357 2822 440 2899 ipsus
462 2839 564 2880 secum
587 2828 652 2882 eim
673 2842 738 2882 rem
761 2827 916 2902 reputuuit
937 2825 996 2882 uia.

128 2916 168 2975 Si.
209 2916 321 2975 Laudi.
355 2917 413 2975 Du.
436 2917 513 2975 Dum
535 2917 683 2979 licitumst
704 2920 734 2980 ὀί
758 2919 889 2999 dumque
912 2925 996 2981 estis
1018 2921 1102 3000 tulit⁷

212 3017 347 3072 Amziuit:
370 3022 433 3073 tum
455 3016 488 3074 id
509 3016 601 3075 clam:
624 3020 720 3095 cinit,
741 3038 780 3078 nc
802 3038 942 3097 umquam
964 3019 1125 3079 iniimiae'

211 3115 253 3172 Ea
278 3117 327 3172 res
350 3116 407 3171 sibi
430 3126 529 3192 essct,
552 3118 586 3174 iu
608 3118 705 3175 uirum
728 3117 840 3176 sortem
864 3116 971 3178 dccet:
1077 3127 1128 3180 445

82 3210 108 3275 '15
209 3212 296 3268 Nunc
321 3214 413 3270 liuore
436 3233 511 3292 opus
534 3220 595 3273 est:
618 3216 747 3273 inimum
771 3214 807 3273 ad
830 3235 954 3275 uxorem
978 3215 1107 3297 idpulit.

128 3309 169 3367 Su.
209 3308 371 3368 Subtristis
393 3312 475 3370 uisus
498 3312 545 3370 est
566 3330 634 3371 esse
654 3310 841 3390 aliquantum
865 3316 949 3373 mim.

128 3405 181 3464 m.
208 3403 257 3464 Nil
280 3407 409 3485 primes
430 3409 509 3466 hauc
530 3427 612 3486 rem,
634 3407 689 3466 sed
711 3418 759 3468 est
781 3409 862 3487 quod
884 3415 1044 3473 suscenset
1060 3413 1124 3472 tibi.
