2340 3840
52 179 201 233 oro-co
429 144 614 231 ricuino.-
956 169 1018 232 nco
1058 221 1061 225 ,

48 376 74 417 o.
103 340 146 416 lt
160 373 230 415 meo
245 355 357 414 merito
374 353 484 414 cre'do:
513 350 586 429 quid
605 369 662 430 ego
678 352 760 412 nunc
775 371 1018 432 commemorem,

326 438 331 448 ’
474 451 637 531 Demipho,
693 453 697 461 '

101 551 296 632 Slngulctim,
316 549 413 630 quilis
431 569 487 629 ego
502 553 534 610 in
549 551 631 609 hunc
645 549 779 609 trierim?
799 550 854 610 lin.
872 550 952 611 Noui
967 570 1018 611 ae-

475 667 534 726 que
549 650 649 708 dmnie
1084 635 1090 641 ⁸

102 748 230 807 Te'cum.
253 746 311 807 Nn.
324 745 441 806 Merito
451 747 512 807 hoc
523 749 590 807 meo
605 746 729 806 uidetur
740 747 876 807 lictum?
893 749 1019 812 ncili-

475 863 565 906 nume
582 845 733 923 gentium:

100 940 218 1002 Vdrum
245 940 366 1019 quando
395 942 455 1001 ium
482 940 663 1003 dccuonudo'
676 943 749 1002 fieri
778 942 927 1002 infectum
956 944 1056 1009 ndn45

473 1045 589 1118 potest,

100 1120 245 1214 lgnosce:
259 1135 637 1217 orotcdnfiteturpdrgot:
652 1135 1017 1217 quiduisdmplius‘31035

48 1255 73 1296 u.
102 1218 192 1292 Ilnim
210 1249 286 1292 nero
301 1235 387 1314 prius
400 1253 489 1312 quum
505 1234 580 1293 hacc
597 1233 648 1292 dat
663 1234 793 1312 nenium,
808 1236 883 1294 mihi
895 1235 1017 1315 prospi-

474 1332 551 1391 ciam
566 1338 598 1392 et
612 1330 793 1392 Phaedriae.

101 1427 189 1488 ileos
201 1429 402 1507 Nausistrutd,
417 1430 503 1510 prius
515 1448 605 1509 quum
619 1430 691 1488 huic
705 1426 876 1509 respondes
887 1436 1017 1508 temere,

473 1527 552 1588 audi.
574 1527 631 1590 Nn.
650 1525 731 1603 Quid
746 1527 816 1586 est?

48 1647 73 1689 n.
102 1611 169 1704 Ego
184 1627 281 1685 minus
295 1606 422 1704 tri‘gintu
437 1628 474 1687 ab
489 1625 544 1688 illo
559 1626 616 1705 per
630 1622 782 1687 fallaciam
799 1625 926 1686 obstuli:

98 1726 161 1785 Eds
178 1723 252 1785 dedi
266 1729 318 1784 tuo
335 1728 442 1803 gndto:
462 1725 488 1784 is
503 1744 560 1803 pro
577 1743 631 1782 sua
646 1726 741 1782 umtca
754 1723 860 1782 lenoni
878 1722 974 1782 dedit.
1030 1748 1056 1788 cc

48 1844 73 1885 n.
98 1824 196 1902 Hem,
222 1821 295 1901 quid
318 1824 384 1882 uis?
411 1823 470 1885 Nu.
487 1821 598 1881 Adedn
611 1819 769 1898 iudignum
783 1821 842 1879 hoc
856 1820 912 1878 ubi
928 1818 1017 1879 uide-

472 1926 533 1996 tur,
551 1916 636 1978 iilius
949 1925 1017 1978 1040

99 2018 200 2077 lldmo
223 2015 405 2078 adulescens
425 2021 451 2077 si
468 2020 563 2077 habet
584 2035 673 2076 unam
695 2018 836 2093 amicum,
858 2022 891 2074 tu
905 2015 1016 2074 urore's

473 2117 570 2177 duas?

100 2211 152 2274 Nu
163 2211 305 2293 pudere?
319 2233 378 2292 quo
392 2217 446 2274 ore
458 2213 544 2275 illum
557 2213 754 2291 obiurgdbisi
765 2211 920 2293 responde'
931 2213 1014 2273 mihi.

48 2331 70 2373 s.
99 2310 209 2371 chiet
226 2316 259 2370 nt
276 2309 374 2370 uoles.
402 2311 467 2374 Nn·
477 2313 570 2371 Immo
590 2317 625 2370 ut
646 2329 744 2369 meum
765 2311 825 2369 idm
847 2311 925 2369 scius
946 2329 1017 2370 sen·
1073 2387 1076 2394 Ι

471 2409 609 2484 tentiam,

99 2502 208 2583 Neque
230 2522 288 2582 ego
310 2505 436 2582 ignosco
451 2507 553 2583 ne'que
574 2503 721 2584 promitto
737 2505 898 2581 ‹pulcquum
915 2522 1017 2582 neque
1031 2530 1056 2570 ιι

470 2599 645 2683 respondeo

100 2698 190 2758 Prius
216 2719 305 2778 quam
330 2705 453 2779 gnatum
478 2700 606 2760 uidero:
640 2698 705 2759 eius
730 2697 844 2759 iudicio
869 2699 1016 2779 permitto

473 2800 582 2859 dmniu.
948 2805 1016 2859 1045

102 2893 191 2969 Qudd
206 2896 232 2953 in
248 2896 367 2955 iubebit
381 2898 499 2957 stolum.
521 2897 577 2957 Dc.
593 2891 711 2956 Mulier
726 2897 848 2976 sipiens
863 2914 914 2973 es,
936 2894 1017 2954 Nuu-

470 2997 603 3054 sistrotu.

48 3106 73 3147 u.
101 3085 187 3148 suun
202 3089 312 3149 tibist?
334 3089 392 3150 Gn.
408 3090 532 3150 Mihin?
546 3092 637 3149 immo
653 3109 728 3149 nero
742 3087 875 3169 pulchre
891 3085 1017 3172 discedo

472 3190 505 3248 et
518 3189 617 3268 probe

98 3266 141 3341 Et
160 3290 289 3363 practer
311 3303 405 3364 spem.
436 3284 494 3346 Nn.
511 3285 561 3345 To
577 3291 661 3344 tuom
677 3282 727 3343 dic
742 3285 854 3342 odmen
871 3280 953 3362 quod
967 3281 1018 3340 sit.

471 3383 530 3444 Ριι.
546 3382 708 3441 Phormio:
1095 3375 1097 3380 ’
