2340 3840
355 643 739 719 PROLOGVS.

122 835 158 894 Si
181 835 388 914 quisquamst,
411 832 463 908 qui
478 821 604 910 placere
627 846 662 889 se
682 827 805 888 studett
824 830 913 890 honis

122 934 221 1008 Quam
245 917 386 1011 pidrimis
414 935 447 988 et
467 931 601 1021 minume
622 929 736 987 multos
756 925 894 1006 laedere,

107 1030 156 1087 'in
172 1029 222 1087 his
241 1029 334 1107 poeta
354 1026 405 1086 hic
426 1028 539 1085 ndmen
553 1025 720 1104 profitetur
736 1043 831 1087 suom.

122 1125 204 1185 Tum
227 1125 322 1203 siquis
341 1129 404 1201 est,
427 1123 478 1201 qni
501 1120 615 1181 dictum
637 1122 669 1180 in
691 1139 725 1180 se
747 1119 962 1181 inclementius

121 1222 328 1284 Existnmabit
345 1223 430 1300 esse3
453 1221 498 1280 sic
518 1223 691 1297 existumet,
1030 1234 1046 1285 5

120 1321 333 1401 Respdnsum,
354 1339 418 1380 uon
439 1318 554 1380 dictum
577 1320 663 1397 e'sse,
687 1318 758 1397 qnia
777 1315 870 1379 laesit
892 1320 990 1401 prior,

121 1420 184 1495 Qui
204 1420 286 1480 bene
307 1416 461 1478 uortenda
486 1423 518 1478 et
541 1415 664 1477 eisdem
685 1416 850 1482 scribendi
867 1417 946 1479 male
977 1422 982 1431 “

120 1519 168 1578 Ex
189 1518 319 1578 Graecis
340 1517 429 1577 honis
450 1516 576 1577 Latinas
596 1516 674 1576 fecit
696 1517 758 1574 ndu
780 1517 884 1576 bonas.

121 1614 206 1677 idem
229 1614 397 1676 Menandri
417 1614 548 1674 Phdsma
568 1632 649 1673 nnnc
670 1616 770 1692 nuper
792 1610 880 1672 dedit

120 1715 226 1793 Atque
251 1717 283 1773 in
305 1714 487 1773 Thensauro
508 1713 648 1791 scripsit,
669 1730 788 1771 causam
810 1708 916 1770 dicere
1013 1725 1045 1775 lu

121 1810 213 1870 Prius
236 1808 319 1870 rinde
339 1811 473 1890 petitur,
495 1811 602 1869 mirum
625 1827 684 1888 qua
705 1826 741 1868 re
763 1810 803 1867 sit
823 1825 919 1885 suom,

124 1910 221 1985 Quam
240 1906 308 1968 illic
327 1909 379 1986 qui
399 1909 496 1988 petit,
518 1905 600 1967 unde
623 1911 648 1967 is
670 1908 711 1967 sit
733 1907 918 1967 thensaurus
940 1907 997 1967 sibi

123 2007 186 2066 Ant
208 2005 291 2066 rinde
310 2007 342 2064 in
363 2006 497 2085 patrium
518 2009 748 2066 munumentum
768 2007 959 2086 peruenerit.

120 2104 243 2164 Dehinc
263 2105 304 2163 ne
327 2103 498 2163 frustretur
516 2107 582 2184 ipse
607 2122 641 2163 se
663 2110 714 2163 aut
736 2106 781 2164 sic
804 2106 920 2183 migitet

122 2202 308 2262 ‘Defunctus
329 2203 388 2261 iam
411 2221 493 2280 sum,
514 2200 560 2261 nil
583 2207 632 2262 est
655 2201 737 2281 quod
759 2201 841 2262 dicet
862 2204 968 2262 mihi':
1013 2213 1044 2266 1⁵

120 2301 148 2361 Is
170 2319 210 2359 ue
234 2301 321 2360 erret
342 2318 452 2360 moneo
475 2305 508 2359 et
529 2298 652 2361 desinat
670 2298 835 2358 lacessere.

119 2396 229 2458 Habeo
251 2395 310 2457 illa
331 2395 442 2474 multa,
468 2391 546 2475 qnae
567 2415 649 2454 nnnc
672 2393 906 2473 condondbitur,

122 2497 207 2572 Quae
229 2495 431 2575 prdierentur
451 2498 539 2575 prist,
562 2495 588 2554 si
610 2499 722 2574 perget
742 2491 879 2573 laedere,

119 2594 165 2654 ita
185 2598 220 2653 nt
240 2594 346 2654 ficere
373 2593 517 2654 institnit.
557 2597 647 2672 quim
668 2613 749 2654 nunc
771 2595 870 2653 acturi
888 2612 990 2652 sumus

120 2691 286 2752 Menindri
301 2692 498 2770 Eunuchum,
518 2694 680 2771 pdstquam
697 2679 814 2752 aediles
830 2693 983 2768 emerunt,
1010 2702 1045 2753 ιθ

119 2788 260 2848 Perfecit
282 2789 341 2848 sihi
363 2794 396 2846 ut
417 2787 605 2868 inspiciendi
628 2795 711 2849 esset
731 2790 826 2868 cdpia.

119 2885 321 2963 Magistrdtns
343 2905 434 2964 quom
462 2887 507 2945 ibi
532 2883 672 2964 adesset,
701 2888 859 2965 acceptist
881 2886 937 2965 agi.

120 2981 298 3062 Exclimat,
318 2984 436 3063 furem,
459 2987 521 3044 ndu
543 2987 664 3064 poetam
686 2983 820 3044 tribulam

71 3129 76 3136 .
119 3080 251 3140 Dedisse
274 3090 308 3142 et
328 3080 373 3142 nil
397 3081 521 3143 dedisse
540 3085 706 3144 uerbcrrim
728 3089 849 3142 tamen:

120 3178 265 3239 Colacem
288 3182 356 3242 esse
371 3182 468 3242 Naeui
489 3189 521 3243 et
540 3182 659 3260 Plariti,
681 3188 820 3240 ueterem
843 3177 986 3254 fribulam,
1009 3187 1044 3240 25

118 3278 250 3339 Parasiti
271 3299 434 3360 personam
457 3281 530 3341 inde
552 3279 681 3340 ablatam
704 3285 736 3339 et
758 3278 874 3340 militis.

82 3362 259 3424 imnsnrrs,
356 3398 359 3403 >
816 3359 840 3424 h
