<?xml version="1.0" encoding="UTF-8"?>
<!DOCTYPE html PUBLIC "-//W3C//DTD XHTML 1.0 Transitional//EN"
    "http://www.w3.org/TR/xhtml1/DTD/xhtml1-transitional.dtd">
<html xmlns="http://www.w3.org/1999/xhtml" xml:lang="en" lang="en">
 <head>
  <title>
</title>
<meta http-equiv="Content-Type" content="text/html;charset=utf-8" />
  <meta name='ocr-system' content='tesseract 3.04.00' />
  <meta name='ocr-capabilities' content='ocr_page ocr_carea ocr_par ocr_line ocrx_word'/>
</head>
<body>
  <div class='ocr_page' id='page_1' title='image "./pterenticomoedi01teregoog/pterenticomoedi01teregoog_0065.png"; bbox 0 0 2340 3840; ppageno 0'>
   <div class='ocr_carea' id='block_1_1' title="bbox 131 197 1136 265">
    <p class='ocr_par' dir='ltr' id='par_1_1' title="bbox 131 197 1136 265">
     <span class='ocr_line' id='line_1_1' title="bbox 131 197 1136 265; baseline -0.005 0"><span class='ocrx_word' id='word_1_1' title='bbox 131 200 172 265; x_wconf 77' lang='lat'><strong>28</strong></span> <span class='ocrx_word' id='word_1_2' title='bbox 535 197 744 260; x_wconf 69' lang='lat' dir='ltr'><strong>Annum.</strong></span> <span class='ocrx_word' id='word_1_3' title='bbox 982 199 1136 252; x_wconf 69' lang='lat'><strong>1136-20</strong></span> 
     </span>
    </p>
   </div>
   <div class='ocr_carea' id='block_1_2' title="bbox 49 365 1137 2597">
    <p class='ocr_par' dir='ltr' id='par_1_2' title="bbox 49 365 1137 1324">
     <span class='ocr_line' id='line_1_2' title="bbox 218 365 1136 445; baseline -0.004 -16"><span class='ocrx_word' id='word_1_4' title='bbox 218 367 298 429; x_wconf 83' lang='grc' dir='ltr'><strong>Τιἰιιι</strong></span> <span class='ocrx_word' id='word_1_5' title='bbox 327 367 402 428; x_wconf 80' lang='lat' dir='ltr'><strong>illae</strong></span> <span class='ocrx_word' id='word_1_6' title='bbox 431 370 541 429; x_wconf 79' lang='lat' dir='ltr'><strong>turbae</strong></span> <span class='ocrx_word' id='word_1_7' title='bbox 571 368 660 427; x_wconf 86' lang='lat' dir='ltr'><strong>flent.</strong></span> <span class='ocrx_word' id='word_1_8' title='bbox 693 368 750 428; x_wconf 75' lang='lat' dir='ltr'><strong>Pu.</strong></span> <span class='ocrx_word' id='word_1_9' title='bbox 779 365 907 442; x_wconf 83' lang='lat' dir='ltr'><strong>Qniduis</strong></span> <span class='ocrx_word' id='word_1_10' title='bbox 934 366 1043 445; x_wconf 77' lang='lat' dir='ltr'><strong>pitiar.</strong></span> <span class='ocrx_word' id='word_1_11' title='bbox 1078 365 1136 426; x_wconf 75' lang='lat' dir='ltr'><strong>Du.</strong></span> 
     </span>
     <span class='ocr_line' id='line_1_3' title="bbox 586 462 1137 545; baseline 0.002 -21"><span class='ocrx_word' id='word_1_12' title='bbox 586 466 681 524; x_wconf 84' lang='lat' dir='ltr'><strong>Pater</strong></span> <span class='ocrx_word' id='word_1_13' title='bbox 700 472 764 544; x_wconf 86' lang='lat' dir='ltr'><strong>est,</strong></span> <span class='ocrx_word' id='word_1_14' title='bbox 786 462 957 545; x_wconf 75' lang='lat' dir='ltr'><strong>Pamphile.</strong></span> <span class='ocrx_word' id='word_1_15' title='bbox 1086 470 1137 525; x_wconf 77' lang='lat'><strong>380</strong></span> 
     </span>
     <span class='ocr_line' id='line_1_4' title="bbox 214 560 1136 625; baseline -0.002 -3"><span class='ocrx_word' id='word_1_16' title='bbox 214 563 391 625; x_wconf 83' lang='lat' dir='ltr'><strong>Difficilest.</strong></span> <span class='ocrx_word' id='word_1_17' title='bbox 424 570 489 624; x_wconf 89' lang='lat' dir='ltr'><strong>tum</strong></span> <span class='ocrx_word' id='word_1_18' title='bbox 515 564 592 623; x_wconf 87' lang='lat' dir='ltr'><strong>haee</strong></span> <span class='ocrx_word' id='word_1_19' title='bbox 613 561 709 622; x_wconf 76' lang='lat' dir='ltr'><strong>silast</strong></span> <span class='ocrx_word' id='word_1_20' title='bbox 728 560 849 621; x_wconf 86' lang='lat' dir='ltr'><strong>mulier.</strong></span> <span class='ocrx_word' id='word_1_21' title='bbox 880 560 995 621; x_wconf 85' lang='lat' dir='ltr'><strong>dietum</strong></span> <span class='ocrx_word' id='word_1_22' title='bbox 1017 581 1052 621; x_wconf 86' lang='lat' dir='ltr'><strong>ae</strong></span> <span class='ocrx_word' id='word_1_23' title='bbox 1074 561 1136 621; x_wconf 86' lang='lat' dir='ltr'><strong>iae·</strong></span> 
     </span>
     <span class='ocr_line' id='line_1_5' title="bbox 586 661 824 721; baseline -0.008 0"><span class='ocrx_word' id='word_1_24' title='bbox 586 669 651 721; x_wconf 92' lang='lat' dir='ltr'><strong>tum</strong></span> <span class='ocrx_word' id='word_1_25' title='bbox 669 661 824 721; x_wconf 77' lang='lat' dir='ltr'><strong>inudnerit</strong></span> 
     </span>
     <span class='ocr_line' id='line_1_6' title="bbox 216 741 1134 839; baseline 0 -21"><span class='ocrx_word' id='word_1_26' title='bbox 216 741 358 837; x_wconf 75' lang='lat' dir='ltr'><strong>dliquam</strong></span> <span class='ocrx_word' id='word_1_27' title='bbox 386 779 523 837; x_wconf 85' lang='lat' dir='ltr'><strong>eausam,</strong></span> <span class='ocrx_word' id='word_1_28' title='bbox 552 778 640 839; x_wconf 91' lang='lat' dir='ltr'><strong>quam</strong></span> <span class='ocrx_word' id='word_1_29' title='bbox 668 760 774 818; x_wconf 80' lang='lat' dir='ltr'><strong>dbrem</strong></span> <span class='ocrx_word' id='word_1_30' title='bbox 801 758 893 817; x_wconf 86' lang='lat' dir='ltr'><strong>eiciat</strong></span> <span class='ocrx_word' id='word_1_31' title='bbox 921 758 1045 838; x_wconf 80' lang='lat' dir='ltr'><strong>dppidn.</strong></span> <span class='ocrx_word' id='word_1_32' title='bbox 1079 758 1134 818; x_wconf 74' lang='grc' dir='ltr'><strong>ΡΑ.</strong></span> 
     </span>
     <span class='ocr_line' id='line_1_7' title="bbox 586 855 892 918; baseline 0 -2"><span class='ocrx_word' id='word_1_33' title='bbox 586 855 708 916; x_wconf 69' lang='lat' dir='ltr'><strong>iniciat?</strong></span> <span class='ocrx_word' id='word_1_34' title='bbox 729 855 788 918; x_wconf 75' lang='lat' dir='ltr'><strong>Du.</strong></span> <span class='ocrx_word' id='word_1_35' title='bbox 811 855 892 917; x_wconf 80' lang='lat' dir='ltr'><strong>cito.</strong></span> 
     </span>
     <span class='ocr_line' id='line_1_8' title="bbox 49 950 1133 1032; baseline 0 -21"><span class='ocrx_word' id='word_1_36' title='bbox 49 1017 53 1025; x_wconf 56' lang='grc'>,</span> <span class='ocrx_word' id='word_1_37' title='bbox 129 953 186 1011; x_wconf 84' lang='grc' dir='ltr'><strong>Ρι.</strong></span> <span class='ocrx_word' id='word_1_38' title='bbox 212 951 299 1012; x_wconf 74' lang='lat' dir='ltr'><strong>cedo</strong></span> <span class='ocrx_word' id='word_1_39' title='bbox 320 954 415 1031; x_wconf 82' lang='lat' dir='ltr'><strong>igitur</strong></span> <span class='ocrx_word' id='word_1_40' title='bbox 437 953 511 1032; x_wconf 89' lang='lat' dir='ltr'><strong>qnid</strong></span> <span class='ocrx_word' id='word_1_41' title='bbox 529 954 655 1031; x_wconf 77' lang='lat' dir='ltr'><strong>idaiam,</strong></span> <span class='ocrx_word' id='word_1_42' title='bbox 677 952 784 1012; x_wconf 75' lang='lat' dir='ltr'><strong>Daue?</strong></span> <span class='ocrx_word' id='word_1_43' title='bbox 812 952 870 1012; x_wconf 70' lang='lat' dir='ltr'><strong>nn.</strong></span> <span class='ocrx_word' id='word_1_44' title='bbox 891 952 949 1011; x_wconf 89' lang='lat' dir='ltr'><strong>Die</strong></span> <span class='ocrx_word' id='word_1_45' title='bbox 971 959 1003 1011; x_wconf 91' lang='lat' dir='ltr'><strong>te</strong></span> <span class='ocrx_word' id='word_1_46' title='bbox 1028 950 1133 1011; x_wconf 87' lang='lat' dir='ltr'><strong>duetu-</strong></span> 
     </span>
     <span class='ocr_line' id='line_1_9' title="bbox 586 1047 1135 1124; baseline -0.004 -14"><span class='ocrx_word' id='word_1_47' title='bbox 586 1071 663 1112; x_wconf 86' lang='lat' dir='ltr'><strong>rum.</strong></span> <span class='ocrx_word' id='word_1_48' title='bbox 696 1050 857 1113; x_wconf 66' lang='lat' dir='ltr'><strong>Pnliem.</strong></span> <span class='ocrx_word' id='word_1_49' title='bbox 880 1050 939 1111; x_wconf 80' lang='grc' dir='ltr'><strong>ΒΔ.</strong></span> <span class='ocrx_word' id='word_1_50' title='bbox 963 1047 1045 1124; x_wconf 81' lang='lat' dir='ltr'><strong>Quid</strong></span> <span class='ocrx_word' id='word_1_51' title='bbox 1066 1049 1135 1108; x_wconf 72' lang='lat' dir='ltr'><strong>esti</strong></span> 
     </span>
     <span class='ocr_line' id='line_1_10' title="bbox 90 1147 1125 1228; baseline 0 -22"><span class='ocrx_word' id='word_1_52' title='bbox 90 1165 115 1206; x_wconf 73' lang='lat' dir='ltr'><strong>to</strong></span> <span class='ocrx_word' id='word_1_53' title='bbox 130 1150 187 1209; x_wconf 82' lang='lat' dir='ltr'><strong>Pn.</strong></span> <span class='ocrx_word' id='word_1_54' title='bbox 213 1151 302 1228; x_wconf 80' lang='lat' dir='ltr'><strong>Egon</strong></span> <span class='ocrx_word' id='word_1_55' title='bbox 325 1147 445 1209; x_wconf 71' lang='lat' dir='ltr'><strong>dicam?</strong></span> <span class='ocrx_word' id='word_1_56' title='bbox 466 1149 525 1210; x_wconf 75' lang='lat' dir='ltr'><strong>Du.</strong></span> <span class='ocrx_word' id='word_1_57' title='bbox 547 1150 633 1226; x_wconf 78' lang='lat' dir='ltr'><strong>Quor</strong></span> <span class='ocrx_word' id='word_1_58' title='bbox 647 1150 732 1209; x_wconf 72' lang='lat' dir='ltr'><strong>non?</strong></span> <span class='ocrx_word' id='word_1_59' title='bbox 753 1148 809 1209; x_wconf 76' lang='grc' dir='ltr'><strong>ΡΛ.</strong></span> <span class='ocrx_word' id='word_1_60' title='bbox 830 1147 1002 1226; x_wconf 76' lang='lat' dir='ltr'><strong>Numquam</strong></span> <span class='ocrx_word' id='word_1_61' title='bbox 1016 1148 1125 1207; x_wconf 81' lang='lat' dir='ltr'><strong>inciam.</strong></span> 
     </span>
     <span class='ocr_line' id='line_1_11' title="bbox 584 1247 819 1324; baseline -0.009 -18"><span class='ocrx_word' id='word_1_62' title='bbox 584 1247 643 1306; x_wconf 81' lang='lat' dir='ltr'><strong>Ds.</strong></span> <span class='ocrx_word' id='word_1_63' title='bbox 666 1247 713 1306; x_wconf 75' lang='lat' dir='ltr'><strong>Ne</strong></span> <span class='ocrx_word' id='word_1_64' title='bbox 733 1264 819 1324; x_wconf 81' lang='lat' dir='ltr'><strong>nega.</strong></span> 
     </span>
    </p>

    <p class='ocr_par' dir='ltr' id='par_1_3' title="bbox 129 1339 1134 1617">
     <span class='ocr_line' id='line_1_12' title="bbox 130 1339 1134 1422; baseline 0.001 -21"><span class='ocrx_word' id='word_1_65' title='bbox 130 1341 183 1403; x_wconf 74' lang='grc' dir='ltr'><strong>ΡΑ,</strong></span> <span class='ocrx_word' id='word_1_66' title='bbox 213 1343 351 1404; x_wconf 76' lang='lat' dir='ltr'><strong>Suadere</strong></span> <span class='ocrx_word' id='word_1_67' title='bbox 373 1343 446 1404; x_wconf 87' lang='lat' dir='ltr'><strong>noli.</strong></span> <span class='ocrx_word' id='word_1_68' title='bbox 468 1343 527 1402; x_wconf 83' lang='lat' dir='ltr'><strong>Da.</strong></span> <span class='ocrx_word' id='word_1_69' title='bbox 549 1344 596 1403; x_wconf 84' lang='lat' dir='ltr'><strong>Ex</strong></span> <span class='ocrx_word' id='word_1_70' title='bbox 618 1347 654 1404; x_wconf 74' lang='lat' dir='ltr'><strong>et</strong></span> <span class='ocrx_word' id='word_1_71' title='bbox 673 1363 709 1403; x_wconf 85' lang='lat' dir='ltr'><strong>re</strong></span> <span class='ocrx_word' id='word_1_72' title='bbox 730 1342 804 1422; x_wconf 90' lang='lat' dir='ltr'><strong>quid</strong></span> <span class='ocrx_word' id='word_1_73' title='bbox 823 1343 893 1418; x_wconf 78' lang='lat' dir='ltr'><strong>flat,</strong></span> <span class='ocrx_word' id='word_1_74' title='bbox 914 1339 997 1402; x_wconf 87' lang='lat' dir='ltr'><strong>uide.</strong></span> <span class='ocrx_word' id='word_1_75' title='bbox 1086 1348 1134 1402; x_wconf 58' lang='grc' dir='ltr'><strong>ὅδ’·</strong></span> 
     </span>
     <span class='ocr_line' id='line_1_13' title="bbox 129 1436 1109 1518; baseline -0.002 -21"><span class='ocrx_word' id='word_1_76' title='bbox 129 1439 186 1497; x_wconf 73' lang='grc' dir='ltr'><strong>ΡΑ.</strong></span> <span class='ocrx_word' id='word_1_77' title='bbox 212 1440 254 1500; x_wconf 93' lang='lat' dir='ltr'><strong>Vt</strong></span> <span class='ocrx_word' id='word_1_78' title='bbox 276 1441 312 1500; x_wconf 84' lang='lat' dir='ltr'><strong>ab</strong></span> <span class='ocrx_word' id='word_1_79' title='bbox 334 1438 388 1500; x_wconf 90' lang='lat' dir='ltr'><strong>ssla</strong></span> <span class='ocrx_word' id='word_1_80' title='bbox 410 1438 572 1518; x_wconf 83' lang='lat' dir='ltr'><strong>excludar,</strong></span> <span class='ocrx_word' id='word_1_81' title='bbox 592 1440 652 1499; x_wconf 72' lang='lat' dir='ltr'><strong>huie</strong></span> <span class='ocrx_word' id='word_1_82' title='bbox 674 1438 850 1499; x_wconf 80' lang='lat' dir='ltr'><strong>concludar.</strong></span> <span class='ocrx_word' id='word_1_83' title='bbox 870 1438 929 1497; x_wconf 74' lang='lat' dir='ltr'><strong>Da.</strong></span> <span class='ocrx_word' id='word_1_84' title='bbox 948 1436 1019 1496; x_wconf 84' lang='lat' dir='ltr'><strong>Ndn</strong></span> <span class='ocrx_word' id='word_1_85' title='bbox 1036 1437 1109 1496; x_wconf 87' lang='lat' dir='ltr'><strong>itast</strong></span> 
     </span>
     <span class='ocr_line' id='line_1_14' title="bbox 213 1535 1031 1617; baseline -0.004 -21"><span class='ocrx_word' id='word_1_86' title='bbox 213 1537 330 1617; x_wconf 82' lang='lat' dir='ltr'>Nempe</span> <span class='ocrx_word' id='word_1_87' title='bbox 351 1538 411 1597; x_wconf 82' lang='lat' dir='ltr'><strong>hdo</strong></span> <span class='ocrx_word' id='word_1_88' title='bbox 432 1539 476 1598; x_wconf 88' lang='lat' dir='ltr'><strong>sic</strong></span> <span class='ocrx_word' id='word_1_89' title='bbox 497 1557 565 1598; x_wconf 90' lang='lat' dir='ltr'><strong>esse</strong></span> <span class='ocrx_word' id='word_1_90' title='bbox 587 1541 713 1617; x_wconf 84' lang='lat' dir='ltr'><strong>opinor:</strong></span> <span class='ocrx_word' id='word_1_91' title='bbox 735 1535 888 1597; x_wconf 75' lang='lat' dir='ltr'><strong>dieturlim</strong></span> <span class='ocrx_word' id='word_1_92' title='bbox 909 1543 1031 1615; x_wconf 88' lang='lat' dir='ltr'><strong>patrem</strong></span> 
     </span>
    </p>

    <p class='ocr_par' dir='ltr' id='par_1_4' title="bbox 210 1633 1135 2597">
     <span class='ocr_line' id='line_1_15' title="bbox 215 1633 1078 1711; baseline -0.003 -18"><span class='ocrx_word' id='word_1_93' title='bbox 215 1635 326 1694; x_wconf 72' lang='lat' dir='ltr'><strong>‘Dueds</strong></span> <span class='ocrx_word' id='word_1_94' title='bbox 348 1633 419 1694; x_wconf 87' lang='lat' dir='ltr'><strong>uolo</strong></span> <span class='ocrx_word' id='word_1_95' title='bbox 438 1633 532 1694; x_wconf 88' lang='lat' dir='ltr'><strong>hodie</strong></span> <span class='ocrx_word' id='word_1_96' title='bbox 554 1637 709 1695; x_wconf 79' lang='lat' dir='ltr'><strong>undrem&#39;:</strong></span> <span class='ocrx_word' id='word_1_97' title='bbox 729 1641 763 1694; x_wconf 89' lang='lat' dir='ltr'><strong>tn</strong></span> <span class='ocrx_word' id='word_1_98' title='bbox 786 1633 918 1693; x_wconf 72' lang='lat' dir='ltr'><strong>‘ducam&#39;</strong></span> <span class='ocrx_word' id='word_1_99' title='bbox 940 1633 1078 1711; x_wconf 78' lang='lat' dir='ltr'><strong>inquies:</strong></span> 
     </span>
     <span class='ocr_line' id='line_1_16' title="bbox 215 1712 1037 1812; baseline -0.002 -22"><span class='ocrx_word' id='word_1_100' title='bbox 215 1729 300 1791; x_wconf 83' lang='lat' dir='ltr'><strong>Cedo</strong></span> <span class='ocrx_word' id='word_1_101' title='bbox 324 1731 396 1811; x_wconf 82' lang='lat' dir='ltr'><strong>quid</strong></span> <span class='ocrx_word' id='word_1_102' title='bbox 418 1712 553 1812; x_wconf 78' lang='lat' dir='ltr'><strong>iurgabit</strong></span> <span class='ocrx_word' id='word_1_103' title='bbox 573 1732 768 1795; x_wconf 70' lang='lat' dir='ltr'><strong>tdcum‘3‚hic</strong></span> <span class='ocrx_word' id='word_1_104' title='bbox 788 1730 903 1792; x_wconf 86' lang='lat' dir='ltr'><strong>reddes</strong></span> <span class='ocrx_word' id='word_1_105' title='bbox 926 1731 1037 1808; x_wconf 77' lang='lat' dir='ltr'><strong>(imnis,</strong></span> 
     </span>
     <span class='ocr_line' id='line_1_17' title="bbox 214 1829 1135 1908; baseline -0.002 -19"><span class='ocrx_word' id='word_1_106' title='bbox 214 1830 298 1905; x_wconf 83' lang='lat' dir='ltr'><strong>Quae</strong></span> <span class='ocrx_word' id='word_1_107' title='bbox 321 1833 402 1891; x_wconf 79' lang='lat' dir='ltr'><strong>nina</strong></span> <span class='ocrx_word' id='word_1_108' title='bbox 423 1838 495 1892; x_wconf 89' lang='lat' dir='ltr'><strong>sunt</strong></span> <span class='ocrx_word' id='word_1_109' title='bbox 515 1838 601 1892; x_wconf 87' lang='lat' dir='ltr'><strong>certa</strong></span> <span class='ocrx_word' id='word_1_110' title='bbox 623 1832 653 1890; x_wconf 92' lang='lat' dir='ltr'><strong>ei</strong></span> <span class='ocrx_word' id='word_1_111' title='bbox 675 1829 818 1908; x_wconf 82' lang='lat' dir='ltr'><strong>cdnsssin,</strong></span> <span class='ocrx_word' id='word_1_112' title='bbox 845 1831 965 1889; x_wconf 85' lang='lat' dir='ltr'><strong>incerta</strong></span> <span class='ocrx_word' id='word_1_113' title='bbox 986 1829 1021 1888; x_wconf 76' lang='lat' dir='ltr'><strong>tt</strong></span> <span class='ocrx_word' id='word_1_114' title='bbox 1042 1829 1135 1904; x_wconf 85' lang='lat' dir='ltr'><strong>sient,</strong></span> 
     </span>
     <span class='ocr_line' id='line_1_18' title="bbox 213 1927 1134 2010; baseline -0.001 -23"><span class='ocrx_word' id='word_1_115' title='bbox 213 1929 287 1989; x_wconf 84' lang='lat' dir='ltr'><strong>Sine</strong></span> <span class='ocrx_word' id='word_1_116' title='bbox 316 1933 398 1989; x_wconf 87' lang='lat' dir='ltr'><strong>omni</strong></span> <span class='ocrx_word' id='word_1_117' title='bbox 422 1930 557 2010; x_wconf 86' lang='lat' dir='ltr'><strong>periclo:</strong></span> <span class='ocrx_word' id='word_1_118' title='bbox 585 1950 656 1990; x_wconf 91' lang='lat' dir='ltr'><strong>nam</strong></span> <span class='ocrx_word' id='word_1_119' title='bbox 682 1933 741 1990; x_wconf 77' lang='lat' dir='ltr'><strong>lude</strong></span> <span class='ocrx_word' id='word_1_120' title='bbox 762 1927 845 1989; x_wconf 88' lang='lat' dir='ltr'><strong>haud</strong></span> <span class='ocrx_word' id='word_1_121' title='bbox 866 1927 1038 2006; x_wconf 79' lang='lat' dir='ltr'><strong>dubiumst,</strong></span> <span class='ocrx_word' id='word_1_122' title='bbox 1062 1930 1134 2007; x_wconf 77' lang='lat' dir='ltr'><strong>qum</strong></span> 
     </span>
     <span class='ocr_line' id='line_1_19' title="bbox 585 2029 1130 2088; baseline -0.004 0"><span class='ocrx_word' id='word_1_123' title='bbox 585 2029 734 2088; x_wconf 82' lang='lat' dir='ltr'><strong>Chremes</strong></span> <span class='ocrx_word' id='word_1_124' title='bbox 1082 2033 1130 2086; x_wconf 79' lang='lat'><strong>391</strong></span> 
     </span>
     <span class='ocr_line' id='line_1_20' title="bbox 214 2123 1086 2202; baseline 0.002 -21"><span class='ocrx_word' id='word_1_125' title='bbox 214 2123 286 2182; x_wconf 86' lang='lat' dir='ltr'><strong>Tibi</strong></span> <span class='ocrx_word' id='word_1_126' title='bbox 307 2126 368 2182; x_wconf 84' lang='grc' dir='ltr'><strong>ιιόιι</strong></span> <span class='ocrx_word' id='word_1_127' title='bbox 391 2123 444 2184; x_wconf 91' lang='lat' dir='ltr'><strong>det</strong></span> <span class='ocrx_word' id='word_1_128' title='bbox 466 2132 596 2202; x_wconf 82' lang='lat' dir='ltr'><strong>gnatam.</strong></span> <span class='ocrx_word' id='word_1_129' title='bbox 631 2129 690 2185; x_wconf 74' lang='lat' dir='ltr'><strong>uec</strong></span> <span class='ocrx_word' id='word_1_130' title='bbox 713 2131 748 2185; x_wconf 92' lang='lat' dir='ltr'><strong>tu</strong></span> <span class='ocrx_word' id='word_1_131' title='bbox 768 2144 805 2185; x_wconf 87' lang='lat' dir='ltr'><strong>ea</strong></span> <span class='ocrx_word' id='word_1_132' title='bbox 826 2144 915 2184; x_wconf 86' lang='lat' dir='ltr'><strong>eausa</strong></span> <span class='ocrx_word' id='word_1_133' title='bbox 936 2126 1086 2183; x_wconf 86' lang='lat' dir='ltr'><strong>minueris</strong></span> 
     </span>
     <span class='ocr_line' id='line_1_21' title="bbox 212 2221 1062 2301; baseline 0.006 -22"><span class='ocrx_word' id='word_1_134' title='bbox 212 2221 297 2281; x_wconf 81' lang='lat' dir='ltr'><strong>Haec</strong></span> <span class='ocrx_word' id='word_1_135' title='bbox 320 2225 397 2301; x_wconf 74' lang='lat' dir='ltr'><strong>quae</strong></span> <span class='ocrx_word' id='word_1_136' title='bbox 419 2223 512 2300; x_wconf 80' lang='lat' dir='ltr'><strong>facis,</strong></span> <span class='ocrx_word' id='word_1_137' title='bbox 533 2242 573 2283; x_wconf 93' lang='lat' dir='ltr'><strong>ne</strong></span> <span class='ocrx_word' id='word_1_138' title='bbox 592 2226 619 2283; x_wconf 88' lang='lat' dir='ltr'><strong>is</strong></span> <span class='ocrx_word' id='word_1_139' title='bbox 640 2226 740 2283; x_wconf 72' lang='lat' dir='ltr'><strong>mittet</strong></span> <span class='ocrx_word' id='word_1_140' title='bbox 761 2242 844 2283; x_wconf 88' lang='lat' dir='ltr'><strong>suam</strong></span> <span class='ocrx_word' id='word_1_141' title='bbox 865 2224 1062 2284; x_wconf 78' lang='lat' dir='ltr'><strong>sententiam.</strong></span> 
     </span>
     <span class='ocr_line' id='line_1_22' title="bbox 211 2317 1134 2400; baseline 0.007 -25"><span class='ocrx_word' id='word_1_142' title='bbox 211 2317 297 2376; x_wconf 85' lang='lat' dir='ltr'><strong>Patri</strong></span> <span class='ocrx_word' id='word_1_143' title='bbox 317 2317 368 2378; x_wconf 86' lang='lat' dir='ltr'><strong>die</strong></span> <span class='ocrx_word' id='word_1_144' title='bbox 389 2318 488 2380; x_wconf 86' lang='lat' dir='ltr'><strong>nelle:</strong></span> <span class='ocrx_word' id='word_1_145' title='bbox 509 2327 559 2399; x_wconf 88' lang='lat' dir='ltr'><strong>ut,</strong></span> <span class='ocrx_word' id='word_1_146' title='bbox 581 2324 672 2400; x_wconf 75' lang='lat' dir='ltr'><strong>quim</strong></span> <span class='ocrx_word' id='word_1_147' title='bbox 693 2320 788 2398; x_wconf 88' lang='lat' dir='ltr'><strong>uelit,</strong></span> <span class='ocrx_word' id='word_1_148' title='bbox 809 2320 867 2379; x_wconf 86' lang='lat' dir='ltr'><strong>tihi</strong></span> <span class='ocrx_word' id='word_1_149' title='bbox 880 2321 950 2380; x_wconf 73' lang='lat' dir='ltr'><strong>inire</strong></span> <span class='ocrx_word' id='word_1_150' title='bbox 964 2321 1058 2381; x_wconf 79' lang='lat' dir='ltr'><strong>irasci</strong></span> <span class='ocrx_word' id='word_1_151' title='bbox 1073 2326 1134 2381; x_wconf 74' lang='lat' dir='ltr'><strong>nain</strong></span> 
     </span>
     <span class='ocr_line' id='line_1_23' title="bbox 584 2425 684 2498; baseline -0.01 -19"><span class='ocrx_word' id='word_1_152' title='bbox 584 2425 684 2498; x_wconf 83' lang='lat' dir='ltr'><strong>queat.</strong></span> 
     </span>
     <span class='ocr_line' id='line_1_24' title="bbox 210 2513 1134 2597; baseline 0.004 -25"><span class='ocrx_word' id='word_1_153' title='bbox 210 2513 286 2573; x_wconf 91' lang='lat' dir='ltr'><strong>Nam</strong></span> <span class='ocrx_word' id='word_1_154' title='bbox 309 2513 391 2592; x_wconf 82' lang='lat' dir='ltr'><strong>qndd</strong></span> <span class='ocrx_word' id='word_1_155' title='bbox 411 2522 445 2576; x_wconf 88' lang='lat' dir='ltr'><strong>tu</strong></span> <span class='ocrx_word' id='word_1_156' title='bbox 459 2535 583 2596; x_wconf 81' lang='lat' dir='ltr'><strong>speres,</strong></span> <span class='ocrx_word' id='word_1_157' title='bbox 603 2514 789 2597; x_wconf 82' lang='lat' dir='ltr'><strong>prdpnlsabn</strong></span> <span class='ocrx_word' id='word_1_158' title='bbox 804 2514 907 2576; x_wconf 74' lang='lat' dir='ltr'><strong>sicile.</strong></span> <span class='ocrx_word' id='word_1_159' title='bbox 941 2534 1071 2576; x_wconf 81' lang='lat' dir='ltr'><strong>uxorem</strong></span> <span class='ocrx_word' id='word_1_160' title='bbox 1086 2518 1134 2576; x_wconf 87' lang='lat' dir='ltr'><strong>his</strong></span> 
     </span>
    </p>
   </div>
   <div class='ocr_carea' id='block_1_3' title="bbox 81 2804 1134 3372">
    <p class='ocr_par' dir='ltr' id='par_1_5' title="bbox 81 2804 1134 3372">
     <span class='ocr_line' id='line_1_25' title="bbox 209 2804 1134 2888; baseline 0.008 -26"><span class='ocrx_word' id='word_1_161' title='bbox 209 2804 301 2864; x_wconf 80' lang='lat' dir='ltr'><strong>Dabit</strong></span> <span class='ocrx_word' id='word_1_162' title='bbox 322 2808 421 2867; x_wconf 73' lang='lat' dir='ltr'><strong>nemo.</strong></span> <span class='ocrx_word' id='word_1_163' title='bbox 455 2809 595 2868; x_wconf 86' lang='lat' dir='ltr'><strong>inueniet</strong></span> <span class='ocrx_word' id='word_1_164' title='bbox 612 2811 736 2888; x_wconf 84' lang='lat' dir='ltr'><strong>inopem</strong></span> <span class='ocrx_word' id='word_1_165' title='bbox 756 2808 875 2887; x_wconf 86' lang='lat' dir='ltr'><strong>potius,</strong></span> <span class='ocrx_word' id='word_1_166' title='bbox 898 2811 989 2886; x_wconf 76' lang='lat' dir='ltr'><strong>quim</strong></span> <span class='ocrx_word' id='word_1_167' title='bbox 1008 2814 1042 2868; x_wconf 82' lang='lat' dir='ltr'><strong>te</strong></span> <span class='ocrx_word' id='word_1_168' title='bbox 1064 2829 1134 2869; x_wconf 83' lang='lat' dir='ltr'><strong>anr-</strong></span> 
     </span>
     <span class='ocr_line' id='line_1_26' title="bbox 585 2906 790 2986; baseline 0.005 -22"><span class='ocrx_word' id='word_1_169' title='bbox 585 2909 686 2986; x_wconf 84' lang='lat' dir='ltr'><strong>rumpi</strong></span> <span class='ocrx_word' id='word_1_170' title='bbox 703 2906 790 2965; x_wconf 87' lang='lat' dir='ltr'><strong>sinat.</strong></span> 
     </span>
     <span class='ocr_line' id='line_1_27' title="bbox 210 2999 1133 3084; baseline 0.005 -24"><span class='ocrx_word' id='word_1_171' title='bbox 210 2999 270 3060; x_wconf 89' lang='lat' dir='ltr'><strong>Sed</strong></span> <span class='ocrx_word' id='word_1_172' title='bbox 294 3004 321 3061; x_wconf 84' lang='lat' dir='ltr'><strong>si</strong></span> <span class='ocrx_word' id='word_1_173' title='bbox 337 3009 370 3062; x_wconf 87' lang='lat' dir='ltr'><strong>te</strong></span> <span class='ocrx_word' id='word_1_174' title='bbox 393 3021 491 3083; x_wconf 86' lang='lat' dir='ltr'><strong>aequo</strong></span> <span class='ocrx_word' id='word_1_175' title='bbox 513 3005 612 3062; x_wconf 88' lang='lat' dir='ltr'><strong>animo</strong></span> <span class='ocrx_word' id='word_1_176' title='bbox 634 3005 721 3064; x_wconf 86' lang='lat' dir='ltr'><strong>ie&#39;rre</strong></span> <span class='ocrx_word' id='word_1_177' title='bbox 742 3004 890 3084; x_wconf 79' lang='lat' dir='ltr'><strong>accipiet,</strong></span> <span class='ocrx_word' id='word_1_178' title='bbox 911 3001 1133 3083; x_wconf 70' lang='lat' dir='ltr'><strong>neglegentem</strong></span> 
     </span>
     <span class='ocr_line' id='line_1_28' title="bbox 209 3102 1132 3276; baseline 0.009 -24"><span class='ocrx_word' id='word_1_179' title='bbox 209 3194 278 3254; x_wconf 84' lang='lat' dir='ltr'><strong>Alia</strong></span> <span class='ocrx_word' id='word_1_180' title='bbox 300 3197 415 3256; x_wconf 85' lang='lat' dir='ltr'><strong>dtiosus</strong></span> <span class='ocrx_word' id='word_1_181' title='bbox 437 3102 722 3276; x_wconf 60' lang='lat' dir='ltr'><strong>quaeretsfididisea</strong></span> <span class='ocrx_word' id='word_1_182' title='bbox 743 3195 861 3276; x_wconf 80' lang='lat' dir='ltr'><strong>iliquid</strong></span> <span class='ocrx_word' id='word_1_183' title='bbox 882 3196 1032 3258; x_wconf 88' lang='lat' dir='ltr'><strong>acciderit</strong></span> <span class='ocrx_word' id='word_1_184' title='bbox 1047 3199 1132 3260; x_wconf 86' lang='lat' dir='ltr'><strong>boni.</strong></span> 
     </span>
     <span class='ocr_line' id='line_1_29' title="bbox 81 3288 1134 3372; baseline 0.009 -27"><span class='ocrx_word' id='word_1_185' title='bbox 81 3299 105 3338; x_wconf 79' lang='lat'><strong>²⁵</strong></span> <span class='ocrx_word' id='word_1_186' title='bbox 123 3288 177 3347; x_wconf 75' lang='lat' dir='ltr'><strong>Pu.</strong></span> <span class='ocrx_word' id='word_1_187' title='bbox 206 3291 271 3352; x_wconf 84' lang='lat' dir='ltr'><strong>Itan</strong></span> <span class='ocrx_word' id='word_1_188' title='bbox 287 3293 411 3355; x_wconf 70' lang='lat' dir='ltr'><strong>crddis?</strong></span> <span class='ocrx_word' id='word_1_189' title='bbox 425 3295 481 3358; x_wconf 75' lang='lat' dir='ltr'><strong>Da,</strong></span> <span class='ocrx_word' id='word_1_190' title='bbox 499 3294 589 3355; x_wconf 87' lang='lat' dir='ltr'><strong>Haud</strong></span> <span class='ocrx_word' id='word_1_191' title='bbox 605 3295 728 3356; x_wconf 89' lang='lat' dir='ltr'><strong>dubium</strong></span> <span class='ocrx_word' id='word_1_192' title='bbox 744 3294 776 3354; x_wconf 88' lang='lat' dir='ltr'><strong>id</strong></span> <span class='ocrx_word' id='word_1_193' title='bbox 792 3294 954 3372; x_wconf 84' lang='lat' dir='ltr'><strong>quidemst.</strong></span> <span class='ocrx_word' id='word_1_194' title='bbox 976 3294 1033 3355; x_wconf 74' lang='grc' dir='ltr'><strong>ΡΑ.</strong></span> <span class='ocrx_word' id='word_1_195' title='bbox 1049 3293 1134 3357; x_wconf 89' lang='lat' dir='ltr'><strong>Vide</strong></span> 
     </span>
    </p>
   </div>
   <div class='ocr_carea' id='block_1_4' title="bbox 550 3390 1133 3471">
    <p class='ocr_par' dir='ltr' id='par_1_6' title="bbox 550 3390 1133 3471">
     <span class='ocr_line' id='line_1_30' title="bbox 550 3390 1133 3471; baseline -0.002 -20"><span class='ocrx_word' id='word_1_196' title='bbox 550 3395 609 3471; x_wconf 83' lang='lat' dir='ltr'><strong>qud</strong></span> <span class='ocrx_word' id='word_1_197' title='bbox 624 3411 673 3452; x_wconf 92' lang='lat' dir='ltr'><strong>me</strong></span> <span class='ocrx_word' id='word_1_198' title='bbox 684 3390 820 3452; x_wconf 88' lang='lat' dir='ltr'><strong>inducas.</strong></span> <span class='ocrx_word' id='word_1_199' title='bbox 841 3392 900 3452; x_wconf 80' lang='lat' dir='ltr'><strong>Da.</strong></span> <span class='ocrx_word' id='word_1_200' title='bbox 923 3392 1006 3468; x_wconf 74' lang='lat' dir='ltr'><strong>Quin</strong></span> <span class='ocrx_word' id='word_1_201' title='bbox 1023 3391 1133 3452; x_wconf 70' lang='lat' dir='ltr'><strong>taces?</strong></span> 
     </span>
    </p>
   </div>
   <div class='ocr_carea' id='block_1_5' title="bbox 0 0 1174 3840">
    <p class='ocr_par' dir='ltr' id='par_1_7' title="bbox 0 0 1174 3840">
     <span class='ocr_line' id='line_1_31' title="bbox 0 0 1174 3840; baseline 0 1"><span class='ocrx_word' id='word_1_202' title='bbox 0 0 1174 3840; x_wconf 95' lang='lat' dir='ltr'><strong> </strong></span> 
     </span>
    </p>
   </div>
  </div>
 </body>
</html>
