2340 3840
109 201 169 264 140
352 198 539 261 llEAVl'ON
561 198 851 261 Tittouvtsstltoe
928 206 982 264 113
998 210 1116 265 41-69

191 384 266 444 Nam
282 403 319 443 ca
334 386 386 444 re's
403 382 491 444 dedit
503 388 569 443 tum
583 383 787 444 existumandi
804 386 924 465 copiam

192 482 374 543 cotidianae
387 484 470 542 uitae
486 480 751 562 consuetudinem,

192 583 277 658 Quae
294 582 463 661 quoiusque
477 582 635 660 ingenium
648 585 742 642 utsii
755 580 897 643 declarat
911 589 1061 646 minume.

114 680 363 760 fTexeutem
377 678 474 739 telam
488 677 627 739 stridiose
642 680 740 759 ipsum
754 680 951 762 offendimus,
1063 693 1115 749 285

20 848 23 853 ¹
68 805 92 844 ra
191 776 398 840 Mediocriter
416 779 560 836 uestitum
573 782 663 836 ueste
675 776 801 856 laigubri

194 869 289 959 (liius
305 877 391 936 inuia
407 893 497 934 cansa
511 877 621 954 opinor
636 893 715 954 quoe
729 882 798 935 erat
810 871 954 965 mortua)

193 981 267 1040 Sine
282 980 371 1038 ariro:
393 983 458 1036 tum
473 982 612 1035 ornatam
625 979 668 1035 ita
681 977 727 1035 uti
744 995 824 1056 quae
837 979 991 1038 ornantair
1006 979 1078 1056 ribi,

192 1077 281 1140 Nullt
296 1078 375 1137 mala
390 1095 424 1136 re
440 1094 509 1136 osse
527 1074 691 1156 expolitam
705 1074 851 1136 miliebri

203 1197 219 1226 Ι·
395 1195 412 1225 ὕ
588 1192 607 1224 ἃ
782 1192 801 1224 {r

194 1274 330 1357 Capillus
348 1293 455 1354 passus
470 1271 589 1353 prolixe
606 1279 635 1332 et
650 1272 767 1331 circum
782 1282 873 1353 caput
1066 1283 1118 1337 290

192 1375 338 1435 Reiectus
352 1369 566 1450 neglegenter,
587 1388 655 1449 pax.
683 1370 772 1431 cna.
787 1369 867 1450 Syre
881 1372 934 1450 mi,
954 1373 1099 1450 obsecro,

194 1473 240 1533 Ne
255 1489 304 1530 me
320 1474 352 1529 in
367 1468 516 1528 laetitiam
530 1468 649 1526 fristra
664 1467 807 1526 conioiis.
830 1467 883 1528 Su.
899 1468 985 1528 Anus

195 1569 363 1629 Subtemen
381 1567 489 1625 nebat:
511 1562 676 1644 praeterea
691 1582 751 1622 una
766 1562 913 1624 ancillula

192 1669 287 1740 Erat3
308 1666 345 1725 ea
359 1665 484 1725 texebat
499 1664 570 1739 rina,
591 1661 701 1742 pannis
718 1663 827 1742 obsita,

192 1762 366 1844 Neglecta,
402 1758 549 1821 inmunda
573 1757 702 1820 inluuie.
756 1761 842 1823 cuir.
866 1761 900 1821 Si
924 1763 1003 1823 haec
1034 1770 1117 1840 sunt,

440 1849 456 1871 ⁴
566 1856 679 1936 Clinia,
1065 1871 1116 1926 295

194 1962 288 2039 Vera,
310 1963 353 2019 ita
367 1960 414 2018 uti
429 1957 535 2036 credo,
557 1960 624 2036 quir
638 1963 702 2017 test
716 1957 927 2017 iortuuttiori

196 2059 269 2119 Scin
285 2058 363 2116 hinc
379 2075 468 2135 quum
485 2053 561 2114 dicit
576 2053 763 2115 sordidatam
780 2060 813 2114 et
827 2053 1005 2115 sordidam?

195 2155 340 2231 Magnum
355 2151 415 2212 lnic
433 2170 556 2233 quoque
573 2153 740 2231 siguumst,
763 2151 916 2213 dominam
937 2171 1008 2214 ease
1030 2160 1116 2214 extro

213 2238 216 2243 ’
558 2251 689 2328 noxiam,

195 2352 293 2426 Quom
309 2349 375 2409 eicis
389 2354 451 2408 tam
465 2345 674 2427 negleguntur
688 2348 884 2409 internuntii.

192 2450 269 2509 Nam
285 2447 477 2530 dissciplinat
492 2452 548 2527 els,
572 2447 805 2508 demunertrier
1010 2521 1019 2531 ‚
1065 2459 1117 2512 300

70 2573 95 2614 oo
193 2546 333 2609 Ancillas
346 2548 488 2628 primum,
511 2546 550 2606 ad
565 2547 703 2608 domiuus
719 2548 772 2627 qui
786 2545 943 2607 adlecttnt
957 2549 1048 2607 uiam.

110 2651 197 2711 ΟΜΝ.
219 2648 332 2726 Perge,
355 2649 484 2706 obsecro
500 2652 550 2718 te,
572 2655 604 2706 et
619 2651 694 2707 otue
707 2664 748 2706 ne
761 2643 870 2706 falsam
888 2646 1018 2724 grttium

195 2744 326 2805 Studets
340 2746 429 2804 inire.
451 2743 524 2823 quid
540 2747 592 2822 ait,
611 2745 664 2804 ubi
679 2743 904 2804 meniminus?

111 2847 164 2906 Su.
194 2846 255 2907 Vbi
271 2843 399 2903 dicimus
417 2842 538 2903 redisse
552 2850 585 2903 te
600 2850 637 2919 et
647 2848 758 2922 rugire
772 2844 818 2903 uti

194 2944 325 3004 Veniret
340 2941 378 3001 ad
392 2948 436 3019 te,
458 2940 570 3002 mulier
584 2942 677 3002 telam
692 2941 806 3001 desinit
1064 2955 1115 3007 305

69 3065 94 3105 oo
194 3043 347 3102 Continuo
365 3046 397 3099 et
411 3040 556 3101 lacrumis
574 3039 682 3121 opplet
696 3060 730 3100 os
744 3040 842 3099 totum
857 3039 927 3117 sibi,

193 3140 236 3201 Vt
249 3137 343 3199 ficile
359 3141 456 3199 scires
472 3137 628 3198 desiderio
643 3137 676 3197 id
690 3138 773 3198 fieri.

109 3238 195 3298 (inin.
219 3239 298 3296 Prae
314 3236 442 3315 gaudio,
463 3238 507 3296 ita
524 3255 573 3296 me
588 3235 621 3295 di
637 3242 750 3315 ament,
770 3236 823 3294 ubi
838 3236 895 3294 sim
909 3236 1032 3295 nescio:

72 3370 83 3390 .
191 3335 236 3393 ita
249 3336 347 3393 timui.
377 3336 460 3396 curu.
478 3334 521 3394 At
535 3352 592 3413 ego
610 3332 656 3393 nil
669 3335 737 3394 esse
753 3334 878 3412 scibam,
901 3329 1011 3392 Clinia.

192 3430 345 3508 Agedum
358 3433 504 3510 uicissim,
526 3432 616 3510 Syre,
638 3430 687 3491 dic
704 3449 781 3511 quae
796 3429 882 3491 illast
898 3427 1022 3491 ciltena?
1065 3442 1116 3495 'tlt
