2340 3840
57 184 116 237 112
131 182 229 236 14-3
243 183 259 231 2
470 170 649 232 Piiossiuu
1000 174 1061 236 199

143 358 303 437 Hispiten,
321 362 385 416 ium
400 354 497 414 ciuis?
516 372 574 430 quo
590 353 685 430 magis
699 354 782 431 uiui,
798 360 883 414 tauto
899 356 1030 436 saepius.

145 455 232 516 Citio
248 454 336 531 dum,
356 470 538 530 enumquam
552 450 734 510 iniuriarum
749 449 859 511 audisti
874 453 949 512 mihi
965 455 1062 535 scrip·
1075 473 1101 515 is

516 551 580 607 tim
596 546 717 605 dicum?

60 655 117 715 Ge.
145 654 205 732 Qui
219 649 321 711 istuc?
342 648 400 708 Pu.
416 646 495 723 Quia
515 663 577 703 nou
599 644 668 702 rete
690 645 831 724 accipitri
851 646 991 706 tenuitur
1007 666 1062 706 ue-

512 762 571 822 que
586 741 692 820 miluo,
1012 759 1064 811 330

147 849 207 927 Qui
221 843 301 905 mele
318 844 436 904 iaciunt
449 843 554 900 mihis:
576 839 639 900 illis
655 842 707 918 qui
720 840 765 900 nil
781 842 899 902 fuciunt
913 843 1062 921 tenuitur,

146 948 225 1024 Quis
239 945 321 1002 euim
336 943 368 1001 iu
383 939 448 1000 illis
463 941 583 999 frictus
598 945 656 1016 est,
673 940 706 997 in
720 936 784 998 illis
800 958 895 1020 opera
908 939 1035 1002 luditur.

148 1026 226 1103 iliis
243 1038 396 1101 uliuudest
408 1037 570 1119 periclum,
591 1033 673 1095 unde
691 1033 809 1115 iliquid
824 1037 931 1097 abradi
943 1044 1062 1118 potest:

147 1139 228 1199 Mihi
239 1139 339 1196 sciunt
350 1135 396 1195 ui]
408 1137 486 1196 esse.
500 1133 585 1192 dices
597 1132 725 1193 ‘ducent
731 1133 903 1196 damnatum
913 1136 1062 1198 dumum’:
1076 1156 1102 1195 πο

147 1218 243 1297 silere
260 1233 370 1294 nolunt
389 1235 544 1293 himiuem
561 1230 702 1309 edacem,
729 1239 762 1291 et
776 1235 897 1313 sipiunt
910 1253 979 1294 mea
993 1255 1063 1296 sen-

519 1329 628 1408 tentia,
1012 1347 1062 1400 335

148 1431 209 1491 Pri
226 1429 375 1491 muieiieio
392 1432 419 1489 si
433 1428 617 1489 beneficium
631 1430 780 1488 summum
794 1428 904 1490 nolunt
918 1431 1062 1495 reddere.

59 1532 120 1591 Gu.
149 1529 216 1589 Νόιι
230 1534 304 1608 pute
322 1528 396 1586 satis
410 1546 468 1607 pro
483 1525 594 1585 merito
610 1528 647 1586 ab
664 1525 721 1586 illo
736 1527 795 1587 tibi
810 1528 924 1589 referri
940 1532 1044 1605 gritia.

58 1630 119 1691 Pu.
150 1613 244 1689 immo
260 1628 342 1687 euim
353 1644 444 1685 nemo
457 1625 530 1685 sitis
542 1645 599 1704 pro
612 1627 722 1686 merito
735 1629 862 1705 gritium
876 1631 943 1706 regi
953 1629 1062 1690 refert.

150 1727 239 1786 Tene
255 1723 443 1786 esumbuliim
459 1724 568 1784 uenire
587 1730 711 1784 unctum
727 1729 820 1803 itque
834 1724 952 1786 lautum
967 1745 986 1786 e
999 1729 1064 1788 bil-
1077 1746 1103 1787 2⁵

520 1840 598 1899 nem,

150 1910 290 1986 Otiosum
305 1926 341 1984 ab
358 1925 474 2001 inimo,
499 1940 590 2000 quom
605 1919 661 1979 ille
678 1926 710 1980 et
729 1922 803 1979 eiua
823 1927 855 1979 et
876 1927 998 2000 sumptu
1012 1922 1065 1980 ab·

476 2083 480 2088 .
514 2021 658 2082 sumitur!
1014 2028 1065 2082 340

150 2122 233 2181 Dium
243 2122 302 2182 tibi
315 2121 352 2180 iit
368 2119 451 2199 quud
465 2120 596 2200 plicent,
614 2118 668 2180 ille
685 2119 834 2198 ringitur:
856 2126 890 2179 tu
905 2117 1017 2196 rideas,

151 2218 241 2278 Prior
252 2219 349 2295 bibas,
364 2218 452 2297 priir
463 2215 642 2277 decumbas:
663 2218 740 2277 cena
756 2215 847 2277 dubis
869 2216 1063 2296 adpiuitur..

61 2317 124 2380 Gu.
150 2314 232 2395 Quid
249 2316 331 2374 istuc
351 2314 492 2374 uerbisti
522 2314 577 2376 Pu.
597 2299 658 2374 v'bi
678 2320 713 2373 tu
735 2313 858 2374 dubites
874 2314 948 2390 quid
965 2331 1065 2372 sumus

508 2415 717 2491 potissumum.

151 2514 237 2573 Haec
255 2532 345 2591 quom
361 2513 513 2573 rationem
528 2514 613 2570 ineas
630 2529 718 2588 quam
734 2509 797 2568 sint
811 2508 914 2567 suiuiu
930 2512 964 2565 et
978 2526 1067 2584 quum
1080 2514 1105 2556 ³⁰

515 2612 586 2667 cira
600 2608 672 2684 siut,

150 2690 196 2767 iia
207 2708 260 2785 qui
272 2707 412 2787 praebet,
428 2709 489 2766 min
502 2712 533 2764 tu
548 2706 629 2764 huuc
643 2692 756 2764 habeus
766 2700 860 2783 pliue
871 2700 1068 2780 praesentim

524 2802 638 2863 deum?
1017 2809 1068 2863 345

67 2904 128 2965 (iu.
153 2898 257 2963 Senex
266 2899 368 2962 adest:
380 2901 452 2962 uide
465 2902 539 2981 quid
551 2922 637 2980 ugus:
651 2903 750 2982 prime
759 2902 884 2962 ciiitiost
897 2901 1069 2960 acerruma:

153 2998 188 3059 Si
200 3002 270 3059 eim
282 3000 475 3077 sustinueris,
490 2998 619 3079 postilla
633 3002 703 3075 iem,
720 3000 755 3059 iit
767 2997 866 3075 lubet,
880 2996 969 3056 ludis
983 2995 1067 3057 lieet.

10 3178 15 3223 ε
128 3157 631 3251 Dmeuo(uvusuvucsu1s).
666 3165 782 3225 (ἔπῃ.
820 3164 1006 3224 Puouuno.

69 3260 127 3353 liu
153 3290 348 3371 numquam
364 3295 527 3389 quoiquam
542 3264 793 3353 cintumeliiisius
1081 3293 1138 3346 113

56 3388 61 3393 ”
152 3386 293 3451 Audisti·
306 3389 419 3485 festam
434 3392 578 3453 iniuriam
592 3411 682 3470 quam
698 3393 774 3450 haec
790 3391 837 3450 est
851 3390 949 3450 mihi?
