2354 3840
94 153 158 218 256
513 144 680 206 HEOYRA.
924 150 981 206 111:

70 359 84 396 a
181 332 257 394 Nam
277 329 368 392 modo
386 332 469 391 intro
490 336 525 390 ut
541 329 592 389 me
609 328 746 409 corripui
765 329 904 410 timidus,
926 332 981 393 aliu

553 445 625 486 cans

182 529 295 590 Morbo
314 545 363 586 me
382 525 519 585 uioirum
536 523 688 586 adfectam
709 546 745 585 ac
764 526 847 587 renui
869 546 937 589 erse
959 549 981 588 u

548 626 579 682 ei
601 624 686 683 mihi.

183 724 349 801 Postquam
361 708 410 781 me
423 720 571 801 aspexere
584 717 715 780 ancillae
727 719 901 802 aduenisse,
916 743 981 783 omn

184 819 299 879 Laetae
322 816 493 879 exclamant
514 816 637 895 ‘uenit'‚
658 815 693 876 id
708 817 790 896 quod
805 820 855 879 me
869 825 981 900 repent

555 921 672 974 nerant.

185 1013 248 1076 Sed
264 1015 409 1074 continuo
425 1010 542 1072 uoltum
560 1031 664 1072 earum
678 1014 764 1073 renui
778 1016 923 1075 inmutari
941 1018 981 1075 όιι

164 1111 265 1182 ·Quia
285 1116 346 1169 tam
368 1107 561 1168 incommode
585 1108 647 1168 fllia
669 1110 735 1170 iore
758 1111 916 1173 obtulerat
939 1113 981 1171 ari

544 1208 654 1267 iheum.

191 1285 256 1366 ina
270 1305 392 1366 illarum
406 1305 528 1365 interea
544 1324 680 1385 propere
693 1309 908 1387 praecucurrit
924 1311 981 1368 mir

188 1408 243 1468 Μέ
262 1407 401 1466 ueniere:
424 1422 482 1482 ego
504 1406 570 1463 eino
591 1402 720 1465 uidendi
742 1405 871 1485 cripiduu
892 1413 979 1466 recto

559 1521 646 1580 quor.

189 1604 354 1681 Postquam
375 1603 458 1660 intro
480 1598 610 1679 adueni,
633 1599 787 1682 extemplo
809 1604 875 1662 eiua
896 1603 981 1663 morli

558 1702 651 1777 gnoui
671 1701 781 1759 miser:

190 1799 264 1859 Nim
287 1817 389 1877 neque
413 1804 449 1856 ut
471 1795 567 1858 celiri
588 1805 695 1880 posset
718 1800 841 1877 tempus
862 1799 981 1878 opatiuu

561 1895 663 1976 dabat,
707 1970 713 1979 1

192 1994 301 2073 Neque
322 2013 399 2053 uoce
421 1992 479 2053 alia
502 2014 536 2053 ac
559 1995 611 2054 res
632 1997 777 2055 monebat
798 1997 863 2074 ipsa
887 2001 979 2074 poter

562 2095 660 2171 queri.
893 2098 896 2103 '

192 2190 360 2268 Postquam
386 2191 506 2268 aspexi,
538 2189 568 2247 ‘o
591 2189 709 2248 facinus
734 2188 904 2267 indiguum’
932 2193 981 2267 fnq

565 2287 703 2366 corripui
724 2284 797 2346 ssico

195 2383 249 2445 Me
263 2382 336 2443 inde
351 2382 539 2462 lacrumans,
562 2381 739 2443 incredibili
759 2400 794 2442 re
814 2385 908 2460 itque
928 2389 981 2440 ato

568 2481 656 2541 citus.

196 2583 301 2645 Miter
317 2583 531 2661 consequitor:
553 2582 613 2641 iam
635 2587 670 2640 ut
691 2578 787 2639 limen
808 2580 939 2656 exirem,
964 2600 980 2637 a

566 2677 680 2738 accidit

196 2781 382 2839 Licrumans
397 2778 523 2836 misera:
539 2777 748 2836 miseritumot.
766 2773 909 2852 profecto
923 2771 981 2829 hoc

567 2875 600 2931 ιἰῑ
620 2878 705 2952 puto.

200 2958 348 3033 Omnibus
363 2973 452 3031 nobis
469 2974 568 3031 uitreo
585 2968 660 3028 dant
675 2986 761 3046 rese,
782 2970 826 3026 ita
840 2966 940 3042 magni
955 2973 981 3022 ai

568 3066 657 3127 miles
675 3085 785 3125 eumue.

199 3170 289 3230 Hinc
304 3169 421 3228 habere
437 3168 607 3227 oriiionem
621 3165 740 3224 mecum
753 3160 907 3241 principio
923 3159 981 3215 insi

202 3252 243 3326 ’ὁ
265 3267 306 3326 mi
326 3264 504 3346 Pamphile,
536 3267 590 3324 obs
610 3270 643 3323 te
666 3280 755 3340 quam
776 3260 883 3320 obrem
909 3256 981 3314 haec

565 3363 684 3420 cauoim
704 3358 807 3418 uideo:
