2340 3840
77 196 230 249 utra-aa
468 193 675 255 Annali.
1040 195 1077 258 ll

151 367 196 426 lin
219 369 310 446 picto
334 370 366 424 et
386 364 471 441 gnati
491 367 585 422 uitam
605 369 641 422 et
663 362 825 423 concilium
844 383 946 424 mcum

152 464 346 540 Cognescea,
364 466 397 519 et
419 457 494 538 quid
514 459 619 519 iecere
640 461 673 519 in
693 460 750 519 bac
774 480 809 521 rc
831 462 863 520 te
884 459 988 522 uelim.
1043 472 1077 522 50

150 561 227 619 Nam
248 561 275 618 in
296 560 460 639 pentquam
482 558 615 617 excessit
637 559 674 617 ex
696 559 826 638 ephebia
848 558 958 637 [Sosim

150 658 294 717 Liberius
315 652 443 715 uiuendi
457 655 517 713 luit
536 655 686 734 potestas]
709 656 795 734 (nam
817 662 907 717 intea
1093 677 1119 719 aa

150 755 211 830 Qui
232 756 314 813 ncire
335 769 443 831 purnes
459 754 512 811 anit
532 751 690 829 ingenium
711 755 853 828 nereum,

148 850 227 909 Dum
248 852 332 909 uetes
353 852 453 908 metus
474 851 620 926 magister
640 850 870 928 prohibebunt?
903 848 954 912 Sc.
977 849 1075 927 itast.)

151 947 236 1027 quud
258 946 405 1027 plerique
425 965 530 1006 omnen
552 947 669 1007 ficiunt
687 946 924 1027 adulescentuli,
1041 956 1074 1010 ⁵5

90 1091 96 1097 -
149 1047 194 1106 Vt
209 1047 342 1105 inimum
358 1042 397 1102 ad
411 1041 536 1122 aliquod
558 1043 694 1103 uiridium
709 1044 891 1123 adiungunt,
911 1046 964 1105 adt
978 1063 1075 1124 equos

148 1141 247 1202 Alere
270 1144 323 1200 anit
344 1159 441 1227 canes¹
457 1138 495 1199 ad
516 1139 704 1219 nenandum,
727 1148 779 1202 aut
799 1142 838 1202 ad
858 1141 1075 1222 philosophus:
1091 1164 1118 1205 aa

149 1241 271 1299 ilerum
292 1237 345 1298 ille
363 1237 408 1297 nil
429 1239 556 1317 egregie
574 1247 702 1319 praeter
724 1241 829 1300 cetera

151 1334 322 1412 Studebat,
344 1343 376 1395 ct
397 1341 499 1396 tumen
519 1337 622 1396 emnia
642 1336 720 1396 baec
739 1335 948 1397 mediocriter.

151 1432 340 1494 Gaudebam.
374 1432 426 1493 Sc.
446 1434 514 1493 Nun
531 1434 661 1495 iniuria:
682 1434 805 1494 numid
827 1437 962 1495 erbitrcr
1040 1444 1075 1497 60

149 1531 300 1612 Adarima
322 1533 355 1591 in
377 1533 441 1591 uita
462 1549 532 1592 ecce
553 1530 649 1611 ritile,
667 1538 702 1593 ut
722 1532 839 1612 nequid
860 1535 959 1596 nimia.

100 1677 108 1690 .
148 1631 203 1691 Sic
223 1632 287 1689 uita
306 1636 390 1690 erat:
411 1629 505 1691 facile
527 1634 632 1691 emnen
648 1632 792 1711 perier-rc
812 1636 848 1691 ic
868 1634 948 1711 pati:
1093 1651 1118 1693 aa

150 1727 229 1788 Cum
251 1729 361 1806 quibua
384 1735 453 1786 erut
471 1746 625 1807 quumque
646 1730 723 1805 uina,
745 1730 876 1789 eiecere
899 1728 1032 1789 dedere:

149 1827 267 1886 ilerum
288 1824 400 1886 etudiis
421 1826 565 1903 ebrequi:
589 1824 750 1903 [aduersus
771 1827 903 1886 nemini:

148 1923 320 2001 Numquam
340 1941 536 2003 praeponens
554 1942 589 1983 ee
603 1920 682 2002 illic]
702 1925 745 1983 itu
766 1921 924 1984 facillume
1041 1932 1075 1984 65

148 2021 225 2082 Sine
245 2020 362 2081 inuidia
381 2020 504 2081 laudem
524 2022 663 2081 inueniaa
684 2030 718 2081 et
738 2023 851 2082 amices
871 2041 973 2102 parea.

111 2167 118 2180 .
151 2119 319 2199 Sapienter
340 2119 434 2176 uitam
454 2118 604 2177 instituit:
624 2137 755 2197 namque
776 2119 836 2178 buc
856 2121 998 2199 ternpore
1092 2142 1117 2183 rc

150 2215 341 2294 Obsequium
363 2216 491 2293 amiccn,
514 2214 631 2276 ueritas
652 2214 756 2275 ndidm
775 2218 867 2296 parit,

102 2358 111 2374 .
150 2314 275 2374 Interea
297 2308 409 2371 mulier
427 2310 577 2390 quaedam
596 2312 708 2372 abhinc
723 2313 891 2371 triennium

149 2411 198 2470 Ex
215 2392 323 2469 A'ndrc
340 2408 553 2486 commigriuit
571 2408 632 2467 buc
652 2409 795 2484 uiciniae,
1040 2416 1074 2470 70

149 2509 256 2587 inepia
278 2512 312 2566 et
330 2507 530 2584 cognaterum
551 2503 750 2584 neglegentia

152 2605 284 2682 Curicta,
302 2603 427 2682 egregia
445 2603 545 2663 ferma
564 2609 658 2682 atque
680 2605 781 2661 aetate
802 2603 932 2679 integra.
1091 2627 1117 2669 n

112 2749 119 2764 .
149 2705 207 2782 Ei,
226 2703 341 2763 nerem·
362 2701 480 2781 nequid
501 2685 619 2762 Andria
641 2698 786 2782 adpurtet
805 2698 886 2759 mali.

148 2803 253 2863 Primo
273 2802 349 2861 baec
370 2799 483 2881 pudice
503 2802 598 2860 uitam
619 2816 713 2879 parce
734 2817 769 2858 ac
790 2796 912 2858 diriter

151 2899 288 2978 rigebat,
309 2895 380 2957 lana
401 2917 436 2957 ac
457 2896 521 2957 tela
541 2897 656 2957 uictum
679 2895 870 2975 quaeritans:
1039 2902 1072 2958 75

151 2994 216 3057 Sed
237 2996 399 3075 pectquam
419 3013 522 3053 amana
543 2994 675 3053 accessit
695 2994 829 3072 pretium
848 2990 1013 3072 pellicens,

152 3089 240 3151 Vnda
261 3092 389 3150 etitem
411 3089 507 3151 alter:
528 3093 571 3149 ita
592 3095 627 3149 nt
647 3091 835 3168 ingeniumst
856 3090 988 3149 emnium
1090 3118 1115 3158 ω

152 3187 319 3247 Hominum
337 3188 374 3246 ib
394 3186 503 3247 labore
523 3185 664 3266 precliue
684 3185 724 3245 ad
741 3184 922 3259 lubidinem,

153 3285 285 3365 Accepit
306 3284 531 3362 cundicienem‚
554 3283 628 3344 dein
648 3290 806 3362 quaestum
823 3282 945 3361 eccipit.

153 3383 213 3458 Qui
235 3386 298 3440 tnm
316 3380 401 3442 illum
422 3382 578 3460 amabant,
598 3382 698 3458 ferte,
718 3382 762 3440 ita
776 3386 811 3439 ut
831 3379 883 3458 iit,
904 3377 1002 3439 filium
1038 3387 1073 3440 80
