2340 3840
40 213 73 270 il
90 216 205 270 23-52
262 206 449 269 HEAVTON
471 206 757 269 ilitouvuffltos.
945 209 1006 278 117

89 391 182 452 Meua
197 390 305 450 uenit?
327 389 478 451 (imiimi.
499 389 563 452 Mu.
578 389 705 449 Etmua:
728 388 786 450 due
805 409 853 450 me
873 390 1007 473 adeum,

464 487 602 546 ebsecro.

39 605 64 646 ιι.
92 584 162 644 Nou
183 582 251 643 utlt
272 589 304 643 te
327 584 408 642 scire
430 583 464 640 re
485 581 606 642 redisse
628 584 729 660 etiam,
751 584 784 643 et
804 590 888 647 tuom

92 681 299 759 Conspectum
321 679 447 757 fugitat:
468 680 598 758 prepter
617 685 778 758 peccatum
797 679 857 739 hee
877 680 975 760 timet,
1020 693 1046 734 11

90 778 138 837 Ne
160 780 212 837 tria
232 776 346 836 duritia
367 777 489 854 antiqua
509 774 564 834 illa
585 777 676 834 etiam
698 774 827 836 adaricta
850 777 900 837 sit.
956 788 1007 842 435
1086 794 1093 803 ’

39 874 72 933 su.
93 874 160 933 Nou
186 879 221 934 tu
248 877 278 934 ei
307 871 411 933 dixisti
438 879 472 931 ut
498 872 619 931 essem?
650 872 707 933 Cu.
724 873 793 932 Non
830 873 894 932 Mu.
912 875 1007 949 Quum

385 1028 388 1035 ,
465 969 581 1046 obrem,
604 969 776 1030 Chremes?

39 1087 65 1128 u.
90 1066 168 1142 Quia
187 1067 330 1145 pessume
350 1066 430 1124 istuc
453 1066 485 1123 tu
508 1071 539 1125 te
562 1072 653 1143 atque
674 1066 706 1124 iu
724 1064 813 1126 illum
836 1065 981 1146 cemulie,

93 1164 126 1223 si
149 1164 180 1223 te
198 1169 259 1222 tam
279 1161 345 1222 leui
366 1169 398 1223 et
421 1163 500 1222 uicto
522 1178 590 1220 esse
612 1162 711 1221 auimo
734 1163 916 1224 ostenderis.

39 1264 70 1323 u.
90 1260 160 1322 Nou
175 1265 313 1341 pessum:
336 1261 492 1335 satiatam,
507 1259 580 1318 attia
592 1265 683 1337 pater
697 1259 792 1319 dunis
806 1261 859 1320 fui.
878 1262 935 1325 Gn.
947 1263 1007 1342 Ah,
1021 1288 1046 1328 au

90 1354 227 1422 Vemeus
237 1361 272 1419 iu
281 1360 582 1436 utramquepartem,
594 1355 791 1435 Menedeme,
803 1359 837 1416 es
848 1359 1007 1437 uimie‚440

91 1458 154 1517 Aut
172 1455 315 1534 ltrgitate
335 1456 430 1514 nimia
451 1460 503 1514 aut
523 1455 716 1533 parsimeuia.

90 1555 125 1614 iu
139 1551 269 1613 etudem
282 1549 422 1612 fraudem
438 1569 476 1610 ex
490 1551 546 1609 htc
562 1569 596 1609 re
612 1558 703 1629 atque
719 1571 756 1611 ex
770 1550 823 1612 illa
836 1552 964 1613 incides.

90 1650 226 1710 Primum
247 1649 319 1709 elim
339 1649 442 1729 potius
465 1652 553 1727 quem
572 1654 717 1727 paterere
737 1648 836 1708 issium

92 1747 284 1806 Commetare
305 1744 344 1805 ad
362 1742 584 1821 mulierculam,
606 1762 684 1822 quae
703 1744 830 1824 paululo
1019 1762 1044 1803 uu

92 1843 172 1902 'i’um
192 1846 260 1902 ertt
281 1848 426 1904 eonteuta
448 1842 581 1921 quoique
602 1845 691 1900 eruut
711 1846 797 1918 grata
819 1841 929 1921 emnia,
954 1853 1005 1907 445

91 1940 294 2000 Proterruisti
315 1940 397 2003 hinc.
420 1940 456 1999 ea
477 1945 581 1999 coacta
601 1939 741 2016 iugrttiir

91 2035 220 2097 Postilla
242 2039 346 2118 eoepit
363 2039 477 2098 uictum
499 2036 589 2116 uolgo
610 2039 770 2116 quaerere.

90 2134 178 2194 Nune
199 2138 291 2214 quem
312 2136 379 2196 siue
401 2155 509 2214 magno
528 2136 759 2196 intertrimento
775 2138 838 2195 neu
859 2142 964 2217 puteat

90 2232 218 2310 Hateri,
239 2233 361 2311 quiduis
383 2232 457 2294 dere
478 2236 573 2315 cupis.
596 2254 666 2294 uum
686 2240 720 2293 ut
739 2236 774 2295 tri
796 2236 884 2313 scias,
1017 2248 1043 2288 ⁴⁰

91 2331 186 2405 Quam
198 2349 234 2390 eu
242 2333 324 2391 minc
337 2333 487 2393 instructa
497 2331 629 2413 ptilehre
641 2330 680 2391 ad
689 2334 860 2411 perniciem
871 2335 942 2412 siet,
954 2344 1006 2398 450

90 2427 227 2487 Primuim
248 2429 308 2489 ium
329 2428 455 2490 ancillae
478 2432 582 2490 recum
604 2428 729 2489 adduxit
745 2427 818 2514 pluis
840 2429 957 2510 decem,

90 2525 241 2586 Ouerttau
263 2510 351 2587 aiente
374 2536 465 2607 atque
487 2530 578 2588 auito:
600 2532 722 2606 tatrapa
741 2529 768 2586 ai
788 2528 849 2590 siet

89 2624 227 2703 Amttor,
248 2644 411 2705 numquam
431 2627 564 2688 aritierre
586 2624 652 2684 etus
672 2627 810 2705 numptius
832 2633 937 2704 queat:

89 2720 210 2783 Neduim
226 2729 260 2783 tu
273 2725 381 2804 porris.
403 2725 467 2786 Mra.
478 2710 576 2784 Estne
591 2741 627 2783 ea
641 2721 748 2783 iutuei
764 2722 821 2784 Cu.
835 2722 882 2783 Sit
894 2725 1006 2804 rogare
1018 2739 1043 2780 11

90 2820 195 2882 Sensi:
216 2842 285 2882 uam
301 2842 390 2882 uuum
406 2826 436 2882 ei
450 2823 555 2882 cenam
571 2827 663 2899 atque
681 2822 746 2879 eiua
761 2821 922 2881 cemitibus
953 2832 1004 2887 455

91 2917 184 2978 Dedi:
207 2919 290 2998 quod
311 2922 337 2980 11
358 2920 470 2981 iterum
491 2920 567 2979 mihi
590 2920 631 2979 uit
653 2915 761 2996 danda,
784 2919 884 2977 aetium
901 2921 969 2984 siet.

89 3016 165 3076 Nam
186 3022 221 3076 ut
241 3016 301 3077 tlia
322 3018 468 3096 omittam,
489 3015 653 3098 pytisaudo
672 3015 762 3075 medo
779 3016 854 3075 mihi

91 3111 172 3189 Quid
192 3115 256 3173 uiui
278 3116 446 3195 abrumpsit
467 3116 524 3175 ‘ric
547 3117 628 3192 hoc,'
651 3113 757 3174 diceus
778 3113 942 3195 impetum,

88 3210 274 3288 Pater‚‚hee
294 3217 356 3271 eut:
379 3210 463 3272 uliud
483 3213 584 3273 leuius
605 3212 696 3273 rodes
717 3211 820 3272 uide’t
1018 3231 1047 3272 11

88 3306 200 3368 iteleui
219 3307 303 3369 dolia
323 3312 431 3389 emnia,
455 3312 551 3371 omma
572 3311 684 3371 aerius:
955 3323 1008 3378 460

68 3404 196 3495 [omme
218 3405 369 3468 atollicito
389 3409 510 3470 hebuit:
532 3416 624 3488 atque
645 3410 722 3468 haee
744 3409 892 3552 1118111011.
918 3484 922 3491 ἱ
