2340 3840
21 142 23 149 ’
70 193 249 249 nan-n
474 186 653 249 monuo.
998 189 1060 254 201

147 354 351 432 Adulescens,
369 357 502 434 primum
516 358 569 416 obs
586 364 618 415 te
634 357 692 416 heo
709 357 789 416 bona
805 358 896 416 uenit
913 365 998 436 peto,

147 454 182 513 Si
196 455 255 514 tibi
271 452 395 533 placere
409 455 491 534 petis
506 461 565 531 est,
583 456 625 514 mi
640 463 674 513 ut
689 453 891 533 respondeus:

149 555 247 631 Quem
258 555 387 612 omlcnm
397 558 482 611 tuom
495 555 538 610 ais
549 553 643 610 fuisse
653 553 756 630 istum,
769 550 896 631 explent
907 551 993 630 mihi,
1008 562 1060 616 380

145 650 190 708 Et
204 652 257 727 qul
272 654 432 726 cognatum
448 651 498 707 me
515 650 574 708 sibi
589 667 658 708 esse
672 648 800 711 diceret.

62 748 118 809 Pn.
148 745 286 806 Proinde
309 748 468 826 expiscere
489 747 574 824 quesi
601 766 665 805 non
687 766 802 810 nosses.
830 749 886 811 Dn.
909 748 1060 808 Nessemi
1073 761 1098 805 oo

511 846 568 907 Pn.
586 845 639 907 lta.

60 943 117 1004 Dn.
146 944 213 1023 Ego
228 943 277 1002 me
293 960 387 1021 nego:
407 948 441 1002 tn
457 945 509 1022 qui
522 946 565 1002 uis
581 943 687 1021 redige
705 944 738 1003 ln
752 947 938 1006 memorium.

59 1041 119 1102 ΡΗ.
148 1041 217 1099 Eho
232 1045 277 1119 te,
292 1041 450 1100 sobrinum
464 1043 549 1101 tuem
564 1060 625 1100 non
641 1043 754 1100 noros?
777 1043 831 1103 Du.
846 1027 966 1101 Enicas.

65 1122 68 1127 ¹
146 1137 203 1198 Dic
224 1141 343 1199 nemen.
377 1138 435 1200 Pu.
457 1138 599 1197 Nomen?
620 1141 766 1199 mexnme.
796 1138 850 1197 Dn.
877 1135 958 1214 Quid
977 1139 1058 1195 mino

510 1236 615 1295 tuoes‘e
1008 1244 1059 1297 385

55 1334 118 1395 Pu.
147 1334 235 1393 Perii
246 1332 363 1411 hercle,
378 1353 491 1394 nomen
501 1333 634 1413 perdidi.
654 1334 709 1395 Dn.
724 1333 814 1409 Hem,
830 1323 983 1412 quiduis?
999 1330 1057 1393 Pn.

509 1433 598 1509 Geta,

148 1530 180 1589 Si
194 1528 360 1587 meministi
374 1527 408 1587 id
426 1527 509 1606 qnod
523 1529 596 1589 elim
614 1530 769 1608 dictumst,
785 1529 899 1589 subice.
918 1529 1001 1607 hem,
1073 1544 1099 1586 40

145 1625 215 1685 Non
229 1623 312 1684 dieo:
334 1626 421 1703 qnasi
435 1644 498 1684 non
513 1628 608 1705 neris,
626 1633 806 1706 temptatum
821 1624 956 1687 eduenis.

54 1727 115 1786 Du.
145 1724 254 1801 Egone
275 1724 375 1784 mitem
398 1726 539 1805 tempto?
566 1726 622 1786 Gn.
640 1723 749 1804 Stsspo.
782 1725 838 1785 Pn.
856 1725 960 1803 Atque
982 1723 1058 1784 adeo

169 1894 175 1903 ,
512 1821 586 1900 qnid
601 1822 690 1881 meu?

146 1918 284 2000 Stsspeot.
307 1921 364 1982 Du.
379 1924 476 2000 Quem
493 1920 591 1980 dixti?
608 1921 664 1981 ΡΗ.
678 1918 853 1999 Stilponem
866 1920 990 1997 inquam
1003 1920 1060 1977 ne-

510 2021 608 2083 neroo.
1008 2027 1059 2081 390

56 2117 116 2179 Du.
143 2114 250 2196 Neque
268 2119 324 2196 ego
339 2116 429 2179 illum
444 2139 550 2178 noram
565 2122 666 2197 neque
682 2120 723 2178 mi
739 2119 885 2197 cognatim
900 2116 961 2177 fuit

145 2215 311 2293 Quisquam
330 2219 408 2276 intuo
428 2218 561 2278 nomine.
595 2217 652 2280 ΡΗ.
674 2203 783 2278 ltune'?
809 2237 870 2276 non
893 2216 1058 2276 tellurem
1071 2232 1096 2274 to

507 2314 627 2394 pudet?

143 2413 185 2471 At
200 2414 228 2470 sl
240 2409 390 2471 talentum
406 2413 471 2472 rem
486 2411 668 2490 reliquisset
684 2411 801 2487 decem,

56 2510 113 2572 Dn.
139 2510 179 2570 l)i
194 2511 252 2569 tshi
265 2508 345 2569 mule
359 2509 482 2570 laniant.
504 2510 561 2570 Pn.
577 2513 695 2588 primus
711 2527 795 2569 emon
811 2508 990 2567 memoriter

141 2610 326 2688 Progeniem
349 2616 483 2669 nostram
504 2627 602 2688 usque
624 2610 661 2668 eb
683 2627 739 2667 ano
760 2614 852 2686 utque
876 2612 964 2667 atauo
985 2610 1058 2687 pre-

509 2709 625 2771 ferens.
1006 2716 1056 2770 395

55 2810 112 2869 nn.
140 2807 186 2866 Ita
201 2813 236 2866 ut
250 2806 335 2870 dieis.
359 2827 417 2886 ego
433 2814 496 2866 tnm
512 2827 603 2886 quom
620 2805 823 2885 eduenissem‚
842 2809 895 2885 qni
908 2807 983 2866 mihi

22 2942 28 2949 -
142 2905 280 2982 Gognetu
294 2924 331 2964 ea
346 2910 439 2981 esset,
457 2903 607 2965 dicerem:
630 2904 738 2965 itidem
753 2906 786 2964 t1'1
802 2905 884 2964 face:
1069 2917 1095 2958 oo

143 3000 229 3061 cedo
252 3003 303 3079 qui
326 3005 374 3060 est
394 3005 546 3080 cognata?
575 3003 630 3065 Gn.
647 3003 694 3062 En
715 3005 839 3079 nester,
857 3009 958 3062 reete:
980 3003 1057 3063 hene

512 3105 557 3179 tu,
574 3121 656 3162 caue.

55 3199 113 3261 ΡΗ,
140 3196 285 3257 Dilucide
302 3197 446 3278 enpediui
463 3201 572 3277 quibus
587 3219 636 3258 me
652 3199 788 3278 opertuit

140 3295 311 3356 lndtoibus:
333 3302 397 3355 tum
411 3295 446 3355 id
460 3298 486 3354 si
500 3296 610 3356 felsum
625 3296 737 3373 fuerat,
753 3293 839 3353 fssius
1004 3303 1057 3357 loo

142 3397 228 3473 Quor
242 3396 304 3452 nen
319 3391 462 3452 ret'ellit‘.l
481 3394 537 3457 Dn,
553 3395 666 3454 Filium
680 3399 786 3453 narres
800 3394 898 3454 mihi?
