2340 3840
27 792 31 797 ·
137 761 496 860 usllllllll
536 759 910 869 llllllllllll

31 952 37 963 ’
334 927 426 1013 llll
454 930 492 1012 P.
513 929 708 1014 llllllll.

102 1243 133 1296 P.
158 1236 363 1295 TERENTIVS
384 1238 453 1293 Afer
479 1235 647 1310 Carthagine
672 1244 753 1294 natus
775 1239 891 1294 seruiuil
915 1238 1021 1311 Romae

37 1322 146 1382 larentia
163 1325 278 1379 Lucano
298 1322 435 1390 senatori,
458 1337 474 1375 a
495 1337 550 1392 quo
568 1323 604 1378 ab
621 1323 725 1394 ingena
736 1339 764 1377 m
785 1329 813 1376 el
829 1323 946 1378 formam
966 1337 1021 1375 non

36 1412 157 1467 maurus
174 1407 261 1462 modo
278 1406 428 1462 liberaliter
439 1404 492 1460 sed
503 1411 532 1460 et
541 1412 648 1461 mature
660 1407 859 1462 manumissus
871 1413 924 1462 est.
957 1405 1022 1474 Qui·

37 1492 86 1551 lun
100 1498 211 1564 captum
230 1507 294 1547 esse
316 1491 490 1546 existimant:
514 1489 590 1561 quod
606 1490 667 1545 fieri
690 1494 765 1546 nullo
789 1491 874 1546 modu
895 1490 1022 1562 poluisse

24 1568 175 1633 'lenemella
193 1574 288 1647 doeel,
309 1591 372 1630 aum
386 1575 457 1629 inter
468 1573 553 1628 finem
566 1575 682 1630 secundi
693 1576 757 1630 belli
769 1575 865 1630 Punici
877 1583 904 1629 el
916 1575 1021 1628 initium
1033 1585 1050 1635 5

22 1663 184 1731 ‚muratus
194 1660 232 1714 sil
243 1664 270 1714 el
285 1664 426 1714 mortuus:
445 1675 512 1724 nee,
531 1658 555 1712 si
576 1659 732 1714 aNumidis
751 1665 798 1713 aul
812 1659 936 1714 Gaetulis
952 1675 1021 1728 cap-

10 1756 23 1793 ='-
39 1750 73 1801 lm
82 1746 126 1814 all,
138 1743 248 1801 adduci
256 1742 374 1797 Romam
383 1742 473 1814 ibique
484 1743 600 1798 uaenire
610 1743 753 1814 poluisse,
767 1744 842 1797 nullo
854 1743 1021 1797 commercio

10 1814 20 1859 ι’
38 1828 210 1887 iulerllaliaus
224 1832 251 1882 el
261 1827 347 1881 Afros
360 1828 414 1882 nisi
428 1832 493 1897 posi
504 1825 624 1882 deletam
637 1825 833 1897 Carthaginem
850 1831 961 1896 coepto.

10 1910 18 1981 ζ
101 1914 152 1969 Hie
168 1927 234 1967 aum
252 1910 344 1966 mullis
365 1910 504 1967 nobilibus
528 1911 700 1966 familiariter
722 1911 805 1978 uixil,
829 1910 881 1966 sed
902 1911 1021 1965 maxime

10 1988 22 2041 '-
35 2000 84 2055 eum
93 1996 227 2068 Scipione
239 1995 373 2050 Africano
386 1992 452 2049 elC.
465 1995 570 2060 Laelio,
583 1996 683 2065 quibus
696 1995 778 2051 eliam
791 1994 918 2066 corporis
931 1996 1021 2069 gralia
1032 2005 1066 2057 10

10 2076 182 2161 inarmatus
202 2078 391 2138 existimatur:
416 2077 491 2149 quod
510 2085 537 2134 el
555 2078 648 2148 ipsum
664 2079 822 2135 Fenestella
843 2080 935 2152 arguit
956 2096 1022 2135 eon-

10 2162 22 2205 ’··’
32 2167 133 2223 ardens
151 2171 270 2234 ulroque
287 2163 421 2217 maiorem
432 2169 499 2217 natu
510 2162 614 2228 luisse,
632 2164 759 2233 quamuis
772 2157 801 2218 el
811 2163 955 2220 Cornelius
968 2165 1022 2219 Ne-

10 2228 71 2325 ipm
85 2250 221 2320 aequales
237 2263 335 2302 omnes
347 2247 436 2301 luisse
447 2245 538 2302 tradal
548 2252 575 2300 el
586 2246 701 2302 Porcius
713 2248 896 2318 snspilionem
909 2247 944 2302 de
957 2265 1020 2303 con-

11 2328 166 2411 'lmeludine
176 2347 229 2403 per
239 2330 310 2385 haee
321 2331 421 2385 lacial:

10 2414 25 2493 ,ζ
60 2416 129 2474 lirim
141 2411 288 2498 lasciuiam
301 2414 433 2470 nobilium
446 2421 474 2470 el
484 2415 583 2472 laudes
595 2412 709 2470 lucosa's
720 2414 797 2485 petil,
1036 2424 1067 2475 ν,

10 2494 21 2581 'l
61 2500 128 2557 llum
139 2499 264 2558 Africani
277 2497 376 2554 uocem
389 2498 513 2555 diuinam
524 2497 611 2555 inhial
624 2499 716 2555 auidis
728 2498 852 2564 alitibus,

10 2568 22 2637 i
62 2584 130 2641 lirim
142 2600 176 2639 ae
187 2582 225 2639 ad
236 2582 466 2639 Furirimeenare
478 2589 505 2637 el
516 2583 640 2639 Laelium
651 2584 797 2656 pulchrum
807 2590 895 2657 palai,

60 2668 175 2725 Bimae
218 2705 490 2722 ......
534 2667 632 2724 crebra
644 2669 672 2724 in
682 2668 822 2723 Albanum
835 2669 904 2741 rapi,

10 2740 18 2799 l
61 2752 130 2809 llum
142 2767 175 2808 aa
186 2751 222 2806 ab
233 2751 279 2807 hia
289 2748 377 2807 amari
388 2751 477 2806 eredit
488 2751 524 2808 ὁὶ)
536 2751 635 2808 llorem
647 2747 746 2808 aetatis
758 2767 843 2808 auae:

10 2828 22 2879 ἶ·
59 2837 124 2894 rust
135 2835 254 2892 sublatis
264 2836 349 2892 re'bus
360 2835 397 2890 ad
409 2853 546 2891 summam
559 2833 682 2907 inopiam
693 2833 823 2891 reda'clus
835 2842 888 2892 esl.
1032 2847 1067 2900 πο

60 2896 153 2990 suque
164 2938 182 2976 e
192 2925 346 2992 conspeetu
356 2919 478 2974 amnium
490 2920 556 2974 abiil
568 2919 712 2975 Graeciam
724 2919 753 2974 in
765 2927 868 2975 terram
879 2919 1011 2978 rillimam.

59 3006 198 3062 llllrtuoal
209 3004 238 3059 in
251 2989 412 3076 Stimphalo
423 3002 564 3058 Arcadiae
575 3003 695 3074 cippido:
707 3004 746 3057 nil
757 3005 870 3060 Priblius

61 3087 156 3161 Scipio
168 3088 288 3160 proluit,
301 3087 338 3142 nil
350 3086 376 3141 ai
386 3085 512 3155 Laelius,
526 3086 564 3141 nil
577 3087 687 3152 Furius,

61 3172 130 3228 Tres
140 3188 193 3244 per
204 3172 281 3228 idem
294 3169 402 3240 lempna
414 3170 460 3240 qui
472 3171 613 3242 agitabant
624 3171 732 3227 nabiles
745 3166 900 3224 facillume:

60 3255 163 3312 Earum
174 3256 220 3310 ille
235 3270 320 3327 opera
331 3253 368 3309 ne
379 3253 491 3309 domum
504 3254 616 3325 quidem
630 3253 724 3311 habuit
735 3249 948 3321 conducticiam
1032 3269 1065 3319 Ἦ,

61 3337 165 3396 Saillem
177 3347 206 3394 ul
217 3344 294 3395 asael
305 3337 360 3410 qua
372 3340 488 3393 relerrel
499 3339 603 3394 <illitum
616 3338 720 3393 damini
732 3335 870 3392 seruulus.

774 3415 816 3480 1,
