2340 3840
239 964 359 1033 ruunt
376 963 480 1032 titiis
497 961 653 1032 11311111
669 963 757 1031 hihi}
777 962 865 1030 tutu

56 1210 87 1256 V.
144 1203 211 1254 lad
229 1201 280 1253 206
297 1201 400 1251 iambici
418 1199 511 1251 senarii

67 1316 79 1324 -
114 1287 164 1337 207
182 1285 327 1336 trochaicus
346 1284 488 1335 octonarius

70 1399 80 1407 -
115 1369 165 1420 208
184 1367 327 1418 trochaicus
346 1366 503 1432 septenarius

65 1479 78 1489 ·
113 1450 164 1502 209
183 1448 307 1500 iambicus
323 1447 497 1511 quaternarius

66 1562 79 1571 -
114 1532 163 1583 210
182 1539 207 1582 ct
219 1530 269 1581 211
284 1530 406 1580 trochaici
424 1525 563 1594 septenarii

62 1643 77 1658 ·
111 1616 164 1666 212
179 1613 304 1664 iambicus
324 1610 467 1681 octonarius
528 1651 531 1657 .

66 1725 79 1736 -
114 1696 165 1748 213
184 1704 208 1746 et
224 1696 275 1747 215
294 1695 397 1746 iambici
410 1691 562 1758 quaternarii

67 1807 79 1818 ·
114 1780 166 1830 214
183 1786 208 1829 et
225 1779 276 1830 218
291 1777 413 1830 trochaici
433 1775 569 1842 septenarii

66 1888 79 1900 ·
114 1860 165 1912 216
183 1868 207 1910 et
221 1861 272 1911 217
289 1859 411 1910 trochaici
428 1858 550 1909 octonarii

67 1970 80 1982 ·
115 1943 165 1993 219
183 1943 216 1992 ad
233 1941 283 1993 223
302 1943 405 1992 iambici
422 1942 544 1993 octonarii

65 2051 79 2062 -
113 2026 165 2075 224
182 2025 214 2074 ad
232 2025 284 2074 254
296 2024 422 2082 ,trochaici
440 2022 576 2090 septenarii

64 2134 78 2145 ·
115 2107 166 2156 255
183 2106 216 2155 ad
235 2105 283 2155 291
303 2106 406 2156 iambici
426 2106 562 2171 septenarii

67 2213 80 2225 ·
114 2185 294 2237 29251555515

65 2296 79 2306 ·
113 2268 165 2320 293
183 2269 217 2318 ad
233 2268 284 2320 297
298 2269 401 2318 iambici
421 2271 541 2322 octonarii

65 2380 77 2389 -
113 2352 163 2403 298
181 2353 324 2404 trochaicus
341 2353 500 2423 septenarius

66 2464 78 2474 -
113 2435 164 2487 209
180 2444 205 2487 ct
223 2437 272 2488 301
292 2437 395 2487 iambici
413 2437 566 2500 quaternarii

66 2546 81 2557 ·
116 2518 167 2570 300
185 2519 308 2569 iambicus
325 2520 441 2569 senarius

64 2627 80 2639 ·
115 2598 166 2651 302
184 2607 208 2649 ct
222 2598 273 2651 303
291 2601 394 2650 iambici
411 2602 533 2651 octonarii

67 2711 80 2722 -
115 2682 166 2733 304
183 2681 326 2732 trochaicus
346 2685 488 2735 octonarius

63 2792 77 2807 ·
113 2764 163 2817 305
181 2763 325 2814 trochaicus
343 2767 503 2831 septenarius

62 2875 78 2887 ·
112 2845 163 2898 300
180 2847 303 2897 iambicus
320 2850 494 2911 quaternarius

63 2958 77 2971 ·
112 2928 162 2980 307
182 2929 214 2978 ad
233 2927 283 2979 310
301 2930 404 2980 iambici
423 2930 546 2982 octonarii

65 3041 77 3050 -
113 3013 164 3064 320
179 3012 304 3062 iambicus
321 3014 435 3066 senarius

65 3123 78 3133 —
112 3093 162 3145 321
182 3103 206 3144 et
224 3095 275 3146 322
292 3097 394 3147 iambici
413 3099 551 3163 septenarii

64 3208 78 3217 -
113 3179 164 3230 323
179 3180 210 3228 ad
228 3177 277 3228 351
298 3181 400 3230 iambici
415 3183 509 3231 senarii

61 3289 75 3299 ·
112 3262 162 3313 352
180 3262 212 3310 ad
231 3261 282 3312 300
303 3264 425 3315 trochaici
443 3263 582 3329 septenarii
