2340 3840
494 220 675 272 nnAnnA'rlo
1015 217 1064 264 VII

47 377 186 438 tenelius
197 387 351 448 parerpon
363 369 385 430 I
396 387 429 446 p.
442 368 513 432 300.
530 368 585 451 qui
607 367 832 431 consularibus
848 367 933 431 ludis
954 387 970 428 ε
988 370 1063 431 Ona.

142 467 240 551 8qua
251 458 374 528 Hortor.
387 465 490 549 quiae
504 466 578 527 Ond.
667 467 704 528 10
713 463 828 527 urbem
841 466 915 527 Ona.
928 462 1009 525 urbe
1025 467 1065 527 I).

50 567 210 628 Heinsius.
230 579 286 624 orn.
306 581 338 623 r:
359 564 402 636 es.
422 563 684 624 Drakenboretoins
710 566 742 623 in
760 564 823 624 Lio.
844 562 1015 623 XXVIIII
1035 561 1064 635 6,

51 663 74 722 4
170 661 203 720 11
218 657 266 720 sic
283 679 308 720 ε.
328 677 383 720 om.
399 660 474 721 Oad.
563 658 602 718 12
623 656 852 721 deditionem
938 659 975 719 15
998 656 1064 718 in*

51 753 154 841 mari]
179 760 249 819 Itina
275 759 431 819 oberrasse
452 765 526 834 pnto
552 760 641 819 rerba
669 757 742 819 sinu
765 753 950 818 Leucadiae
971 773 997 815 a.
1015 757 1063 836 17,

50 874 136 934 qnae
157 860 219 918 iilia
233 863 388 918 mutarunt
408 855 477 918 siue
498 853 680 935 Leucadia,
701 859 782 918 ande
799 857 863 929 fnit
881 873 948 918 cnm
969 861 1065 930 ternp-

51 963 157 1016 tarem
189 953 258 1016 sino
292 951 443 1015 Leuoasii
475 958 552 1017 conl.
582 956 736 1016 Pausania
770 954 850 1015 VIII
868 953 922 1023 25,
946 952 980 1012 2:
1013 953 1068 1013 sed

51 1070 140 1112 nune
153 1053 231 1112 iilud
241 1053 399 1128 praefero,
420 1056 480 1113 nisi
489 1057 626 1128 praestat
638 1057 834 1128 transponere
849 1047 972 1133 perisse
984 1047 1064 1109 mari

10 1222 13 1229 Ι
52 1147 93 1210 in
117 1148 195 1209 sinu
221 1144 406 1210 Leucadiae
434 1147 514 1210 dicit
600 1151 639 1211 16
666 1167 686 1209 a
710 1144 890 1210 Menandro
912 1166 942 1222 e,
969 1147 1065 1206 Mad-

55 1248 161 1319 aipins
179 1247 212 1304 in
233 1245 292 1305 Cic.
314 1246 352 1306 de
369 1250 422 1319 fin.
439 1265 473 1322 p.
495 1244 542 1306 18·.
564 1264 582 1306 e
602 1243 783 1307 Menandro
808 1245 882 1306 Ona.
971 1244 1008 1302 17
1031 1241 1066 1302 in

54 1340 197 1405 arcadia
219 1339 384 1424 stimphali
399 1361 429 1428 a.
457 1341 492 1402 in
509 1342 672 1405 Arcadiae
694 1338 885 1427 Stymphala
908 1341 981 1402 Ono.

58 1440 101 1501 19
131 1457 176 1501 ox
195 1438 329 1500 Batnon
358 1457 413 1500 om.
442 1458 458 1499 ε
487 1441 561 1501 Ond.
647 1442 687 1503 23
715 1441 770 1503 uia
797 1461 823 1502 ε.
850 1438 885 1500 in
913 1438 967 1500 uia
991 1437 1065 1499 Ona.

157 1534 273 1598 uillam
293 1540 400 1599 saetosi
430 1547 522 1599 suasu
547 1539 703 1615 satrapeni,
739 1542 791 1614 qni
815 1540 891 1600 Ioaee
916 1537 1068 1598 adnotavit

59 1623 151 1696 ‘Fuit
173 1637 290 1710 paidom
316 1639 364 1695 oia
388 1635 502 1711 Appia,
535 1637 619 1696 nand
642 1640 749 1711 praeut
774 1638 812 1696 ab
837 1638 923 1709 arbe,
956 1635 1067 1694 Martis

58 1735 164 1794 aedis:
185 1750 210 1792 a.
231 1733 370 1792 aunon
394 1734 438 1791 nd
453 1732 516 1792 lio.
537 1732 572 1791 X
591 1731 630 1791 23
655 1740 683 1792 et
702 1736 826 1807 interpr.
849 1732 892 1791 ad
913 1731 962 1790 Oa.
984 1732 1065 1790 Fast.

69 1830 117 1888 VI
137 1827 193 1888 191
219 1823 259 1912 [et
280 1829 313 1888 G.
335 1827 370 1886 Α.
391 1828 524 1889 Beckeri
543 1830 634 1902 antiq.
657 1828 742 1887 Rom.
763 1828 785 1887 I
803 1845 838 1902 p.
862 1821 1007 1908 511'sq.].
1035 1832 1068 1885 at

63 1929 158 1986 oilla
177 1926 288 1986 Martis
313 1941 369 1987 ner·-
389 1928 513 1988 aiinnde
537 1918 665 2002 constat,
689 1932 719 1989 et
744 1943 793 1986 res
816 1931 860 1985 est
876 1941 936 1999 per
956 1941 987 1983 se
1008 1925 1065 1983 ab·

60 2025 167 2083 noda.
199 2039 293 2097 qnare
314 2038 373 2082 non
388 2018 487 2083 dubito
506 2025 577 2098 pain
593 2016 706 2084 uillam
725 2025 769 2084 od
781 2021 993 2099 explicandam
1006 2039 1064 2080 ro-

61 2125 173 2181 rioren
186 2137 213 2180 a.
231 2117 352 2181 hortuli
375 2123 616 2196 sioniiaationom
632 2125 793 2200 ascriptum
815 2122 913 2195 trinit
932 2123 963 2180 in
979 2136 1065 2178 mar-

59 2220 141 2290 aine.
172 2218 253 2277 ornae
276 2223 379 2292 postea
399 2218 438 2277 ai
455 2218 571 2278 nornine
590 2219 718 2294 indocto,
746 2223 797 2280 cni
812 2221 962 2294 penetions
980 2212 1065 2275 Mar·
1126 2266 1133 2278 .

59 2311 106 2374 tis
127 2317 273 2375 roolenias
287 2316 421 2388 arenant,
442 2318 474 2375 r'n
488 2318 585 2390 iportm
600 2304 753 2376 verboram
769 2316 902 2376 ordinem
916 2319 1065 2388 receptum

60 2418 114 2472 ert.
150 2414 215 2488 ipae
229 2412 330 2472 Cicero
354 2416 445 2488 plone
466 2413 568 2472 innon
589 2413 685 2473 vertis
709 2412 753 2471 ad
773 2413 804 2482 Q.
820 2413 865 2485 sr.
887 2411 944 2471 III
962 2412 980 2469 7
1003 2407 1066 2469 Ro·

62 2527 138 2569 mne
163 2514 197 2570 ot
222 2509 362 2570 maxime
390 2508 500 2591 Appia
523 2532 568 2570 aa
591 2507 706 2569 Martis
728 2507 811 2568 mira
830 2504 980 2567 alluuies'

63 2605 105 2667 34
140 2601 258 2668 Oioero
294 2606 329 2667 in
358 2604 444 2668 Lino
482 2619 561 2684 susp.
593 2609 631 2668 R.
669 2608 804 2682 {Inpones
834 2610 866 2669 in
894 2608 1065 2682 prolrnione

60 2721 164 2781 pynon.
190 2706 447 2768 Frieatanaiensio
474 2710 549 2767 anni
572 2706 805 2768 Mnaaazlill
832 2707 1064 2780 Canosicr'omm

62 2805 167 2878 eapite
188 2804 275 2875 tria’)
292 2820 324 2878 p.
347 2803 366 2864 3
591 2878 593 2884 s

10 2938 12 2981 ;
123 2922 126 2926 ’
149 2901 184 2960 Ρ.
202 2899 221 2959 6
241 2915 268 2958 o.
292 2900 307 2959 1
324 2900 358 2962 in
373 2899 516 2962 medinm
536 2899 630 2963 nobis
652 2903 716 2963 eod.
732 2901 812 2962 Dan.
832 2901 867 2961 in
886 2897 993 2962 medio
1009 2918 1065 2982 po·

63 2993 135 3080 pnli
148 3011 174 3056 4ε
195 2995 268 3058 Orod.
354 2999 374 3060 6
395 3004 492 3080 atque
511 2997 649 3077 utinam]
669 2998 711 3072 ef.
728 2999 771 3058 M.
787 2999 936 3074 Hanptins
955 3001 1065 3059 observ.

63 3096 131 3154 on't.
151 3110 183 3168 p.
200 3093 241 3152 47
325 3093 394 3175 uis,
417 3093 540 3157 comica
553 3101 590 3155 nt
604 3094 757 3155 Bentleins
777 3098 807 3154 in
821 3095 895 3155 Hor.
913 3094 948 3152 Α.
964 3096 997 3152 Ρ.
1015 3091 1065 3164 26,

70 3193 192 3264 Wotfins
207 3194 326 3253 mneeil.
334 3210 367 3269 p.
380 3193 457 3267 454,
474 3194 643 3254 Meinelcion
654 3193 822 3253 Menandri
836 3198 865 3250 et
875 3189 951 3249 Pari.
968 3192 1022 3248 rei.
1035 3206 1065 3262 p.

55 3289 160 3375 ‘m
168 3291 220 3350 VI.
235 3288 287 3350 uis
306 3290 443 3368 comica,
464 3297 501 3352 ut
519 3292 592 3352 Ona.
682 3289 719 3350 12
741 3293 808 3351 ride
828 3307 866 3350 ne
881 3289 1066 3349 scribendum

64 3391 104 3448 n't
120 3384 283 3467 Maenius,
310 3394 336 3450 is
362 3391 400 3450 do
419 3407 475 3464 qno
497 3390 539 3464 cf.
559 3391 712 3451 Bentleins
737 3393 769 3449 in
790 3389 864 3448 Hor.
884 3387 919 3446 Α.
942 3389 976 3446 Ρ.
995 3385 1065 3457 387,

71 3487 254 3548 Weianertns
271 3492 352 3562 poit.
372 3488 439 3548 Lat.
465 3491 520 3549 rel.
539 3506 575 3566 p.
598 3487 660 3551 334
687 3504 765 3566 sqq„
797 3489 940 3552 astron
968 3484 1072 3542 Horat.
