2340 3840
48 211 184 266 too-oo
228 239 233 246 ·
375 202 652 266 EVNVCHVS
981 207 1021 269 81

97 378 180 458 Quid
200 379 261 439 inde
282 381 331 437 est
352 371 496 434 sceleris!
524 372 615 452 perii.
664 373 722 434 Pi.
748 373 829 451 Quid
848 373 1061 436 scotomatus

465 471 522 531 Cu.
545 471 669 548 Rogas?

97 578 200 637 Patris
221 577 383 653 cognatum
405 577 497 648 etque
519 565 677 645 aequalem
699 569 950 632 Archidemidem

97 671 263 733 Nouistini
303 669 359 729 ΡΑ.
381 665 463 744 Quid
475 665 530 724 nit
570 665 628 724 (iu.
651 667 696 744 ls,
712 665 782 725 dnm
797 668 876 727 hinc
894 686 1018 748 sequor,

468 765 505 823 iit
525 764 566 822 mi
587 765 716 826 obuium.

47 887 73 930 n.
98 865 294 928 incommode
306 861 423 925 hercle.
457 863 515 924 Cn.
534 861 627 921 Immo
642 861 723 920 duim
740 880 816 921 uero
830 861 1018 925 infeliciter:

99 966 175 1027 Nom
195 962 389 1024 incommodo
409 958 469 1019 sliu
490 959 562 1018 sint
582 956 726 1036 dicendo,
748 959 909 1020 Pirmeno.
967 970 1019 1026 330

101 1062 190 1125 illrim
211 1061 314 1140 liquet
333 1058 408 1119 mihi
431 1055 572 1118 deierere
592 1056 640 1115 his
662 1056 817 1118 mensibus
1034 1070 1060 1112 io

103 1163 163 1224 Sex
184 1163 303 1240 septem
319 1175 447 1238 prorsus
465 1159 527 1215 ndu
547 1152 664 1214 uidisse
683 1156 848 1234 prdxumis,

101 1261 166 1320 Nisi
187 1260 286 1335 minc,
315 1274 406 1336 quom
431 1255 563 1313 minume
589 1250 702 1312 udllem
724 1253 919 1333 minumeque
941 1257 1017 1334 dpus

473 1352 541 1412 fuit.

102 1454 170 1513 Eho
198 1455 302 1513 nonne
328 1453 389 1513 hoc
410 1450 538 1510 monstri
567 1446 722 1509 similest?
754 1449 828 1527 quid
854 1449 921 1509 nisi
961 1449 1019 1512 ΡΑ.

62 1610 65 1618 ,
466 1548 617 1609 Mixume.

46 1652 80 1708 in.
104 1651 257 1711 Continuo
277 1646 415 1710 adcurrit
432 1646 471 1708 td
490 1664 556 1722 me,
579 1664 668 1724 quenl
687 1642 780 1723 longe
802 1644 935 1724 quidem,
968 1656 1020 1710 335

104 1749 267 1825 lucrinum,
287 1743 453 1823 tremulus,
474 1742 565 1804 libiis
587 1740 743 1817 demissis,
765 1759 905 1819 gemens:
1038 1753 1066 1795 so

104 1845 201 1905 ‘Heus
222 1844 316 1920 heis,
338 1844 396 1903 tibi
417 1841 503 1920 dico,
525 1841 676 1902 Ohsdreu’
698 1839 808 1919 iuquit.
844 1840 956 1901 restiti.

105 1943 189 2003 ‘Scin
210 1941 284 2022 quid
305 1961 362 2020 ego
384 1948 417 2002 te
438 1938 620 2001 uolebumi'
643 1937 753 1998 “dic’'
777 1942 857 2000 ‘orus
879 1940 926 2001 est
947 1940 1022 2000 mihi

105 2039 272 2100 iudicium!
295 2039 395 2117 “qnid
415 2038 534 2098 tumi’'
558 2041 606 2096 ‘ut
627 2033 793 2114 diligenter
813 2036 937 2096 nuntios
1068 2080 1076 2112 1

104 2136 207 2216 Petri,
228 2135 394 2198 iduocntus
415 2140 504 2196 minc
524 2135 565 2194 mi
586 2153 655 2194 esse
675 2140 710 2193 ut
730 2136 927 2195 miminerit?
971 2142 1024 2196 340

105 2235 182 2295 Dum
204 2233 391 2312 haecdicit,
415 2233 595 2293 abiithdra.
628 2250 703 2310 rogo
723 2229 870 2310 numquid
891 2230 979 2292 uelit.
1040 2242 1066 2284 11

106 2334 227 2394 ‘Recte’
240 2334 348 2411 inquit.
373 2334 460 2394 obeo.
481 2350 573 2411 quom
587 2331 649 2391 huic
662 2331 794 2410 respicio
810 2329 849 2389 ud
861 2331 1023 2408 uirginem,

107 2429 164 2492 iila
185 2433 254 2492 sese
274 2433 396 2492 interes
417 2428 606 2492 commodum
628 2430 688 2487 huc
710 2426 889 2487 ndudrternt
960 2505 966 2512 δ

105 2531 139 2590 ln
158 2531 237 2591 hunc
258 2532 393 2591 nostrum
414 2529 555 2609 plateam.
599 2527 656 2586 Pr.
682 2525 795 2586 Mirum
817 2526 850 2587 ni
876 2526 954 2586 linnc
977 2523 1025 2586 di-

475 2629 534 2704 cit,
555 2623 646 2685 modo

104 2724 186 2784 Huic
211 2726 289 2804 quse
310 2723 411 2786 datust
438 2725 530 2786 douo.
583 2724 642 2783 Cn.
667 2724 737 2784 Hic
765 2742 853 2801 quom
883 2720 1025 2798 aduenio,

475 2820 562 2882 milla
583 2826 659 2882 erut.
910 2856 912 2861 .
973 2826 1024 2882 345

45 2925 77 2982 ’1.
107 2922 244 2982 Comites
265 2923 363 2982 secuti
385 2920 505 2983 scilicet
526 2928 597 2980 sunt
618 2919 858 2998 uirginemi-···
946 2930 951 2937 '
1042 2928 1068 2968 ⁵⁵

45 3022 80 3080 !n.
106 3020 239 3081 Verrim:
267 3021 419 3100 parasitus
446 3039 513 3080 curn
535 3014 657 3079 ducilis.
700 3017 757 3079 ΡΛ.
781 3018 893 3098 lpssst:
922 3016 1024 3076 ilicet:
1060 3051 1083 3087 c:

107 3118 239 3178 Desine:
258 3118 318 3177 ium
341 3117 602 3178 conclamitumst.
646 3116 704 3175 Gn.
726 3112 812 3174 Alius
834 3117 885 3174 res
908 3115 982 3191 agis.

47 3239 74 3276 A.
105 3215 188 3274 lstiic
208 3233 264 3293 ugo
283 3214 436 3294 equidem.
481 3217 538 3276 Cu.
561 3215 671 3275 Nostin
689 3231 765 3290 cluse
786 3212 849 3272 siti
872 3210 921 3270 dic
939 3211 1025 3286 mihi,

107 3311 264 3373 Vidistin?
293 3312 345 3372 Pi.
368 3312 458 3391 Vidi,
474 3314 562 3373 nduir
584 3313 648 3371 scio
666 3329 726 3390 quo
745 3306 876 3369 abducta
897 3310 946 3368 sit.
975 3316 1027 3369 350

44 3416 80 3474 ir.
105 3411 173 3470 Eho
195 3409 346 3470 Pirmeno
367 3413 425 3490 mi,
450 3414 552 3472 nostin
574 3417 606 3471 et
627 3411 687 3470 scis
708 3410 761 3470 ribi
782 3408 863 3468 siet?
1030 3429 1071 3469 co

108 3498 272 3555 Tannonius,
801 3489 826 3552 d
