2354 3840
42 178 94 231 112
111 181 256 234 50-315
430 173 639 234 ADELPHI.
911 122 915 135 ⁸
971 176 1035 240 305

109 356 273 415 Postremo
291 355 411 434 qnando
427 375 484 435 ego
500 359 623 417 cinseiu
636 359 712 418 mihi
726 378 803 438 sum,
818 363 836 418 t
850 377 900 418 me
915 357 1036 439 culpem
1048 383 1077 425 ns

477 474 547 515 esse
562 456 777 538 hine'prneul,

110 555 219 633 Neque
232 555 367 633 pretium
378 572 481 633 neque
496 573 562 614 rem
577 554 671 615 ullam
685 557 901 616 intercessisse
916 555 970 616 illu
983 566 1035 619 uut
1143 592 1146 601 »

475 671 525 712 me
540 650 712 730 indigntm,
736 653 832 732 Geta,
947 704 951 711 .

67 751 73 757 ⁴
110 750 271 831 Experiar.
302 750 359 809 Gn.
377 749 457 828 Quid
476 750 570 810 istic?
596 750 672 809 cedo
688 757 723 809 ut
740 749 850 810 melius
866 749 958 813 diem.
982 751 1035 812 So.

481 848 531 908 'l'u
548 850 692 926 quantum
707 854 811 929 potest
983 863 1035 915 350

111 950 171 1009 Abi
183 954 275 1026 atque
287 948 421 1026 HegIoni
434 951 562 1026 cignato
575 948 665 1006 huius
678 966 743 1007 rem
756 949 899 1008 enarratu
912 968 1033 1011 omnem

482 1044 608 1105 urdine:

110 1147 187 1207 Nam
202 1148 352 1206 innostro
371 1142 488 1204 Simulci
505 1144 566 1203 fuit
583 1162 715 1202 summus
737 1145 769 1204 et
784 1163 841 1204 uos
860 1144 956 1205 coluit
970 1150 1035 1205 mi·

482 1260 581 1301 nume.

42 1346 84 1406 ',.
109 1345 185 1405 Num
202 1342 309 1404 hercle
325 1343 402 1403 tiius
421 1360 510 1402 nemo
526 1341 656 1421 respicit
670 1359 736 1400 nos.
765 1341 817 1400 So.
833 1342 973 1421 l’rripere
987 1350 1032 1422 tu,
1046 1356 1074 1396 nn

476 1459 544 1500 meu
561 1439 728 1517 cinthnrn,

112 1539 229 1617 Curre,
254 1540 455 1599 ibstetricem
470 1537 607 1614 arcesse,
634 1545 669 1596 ut
686 1557 776 1616 quom
799 1558 874 1618 opus
891 1539 986 1600 sitne
1001 1542 1033 1598 in

478 1657 564 1696 mors
578 1638 668 1695 nobis
685 1637 754 1697 siet.

348 1803 509 1864 Demus.
555 1801 705 1861 Sunvs.
1129 1786 1145 1821 ²

78 1982 83 1991 .
111 1934 262 2014 Disperii:
286 1931 508 2011 Ctesiphdnem
525 1924 629 1991 audiui
642 1931 744 1992 filium
971 1945 1103 2000 3551113

112 2033 181 2095 Vni
196 2032 292 2090 fuisse
308 2031 340 2090 in
356 2031 499 2109 riptione
514 2050 581 2090 cum
598 2032 761 2091 Aeschino.

111 2130 146 2191 ld
160 2133 272 2189 misero
289 2135 388 2189 restat
404 2130 480 2188 mihi
497 2127 584 2207 mali,
601 2118 633 2189 'si
647 2129 736 2190 illrim
752 2137 867 2211 potest,

113 2228 172 2306 Qui
184 2226 297 2306 aliquoi
307 2227 395 2304 reist,
411 2228 504 2286 etiam
517 2244 617 2286 meum
629 2226 668 2287 td
681 2228 853 2305 nequitiem
867 2225 1031 2291 addicere.
1143 2232 1146 2239 '

112 2325 173 2386 Vbi
190 2343 247 2402 ege
263 2322 351 2383 illum
369 2323 536 2400 quaeram?
563 2323 657 2384 credo
675 2323 887 2384 abducturum
904 2329 1058 2402 gtneumb

113 2422 241 2502 Aliqui:
262 2422 416 2501 persuasit
433 2418 487 2479 ille
500 2421 645 2499 inpurus,
667 2425 714 2480 sit
729 2422 802 2481 scio.
980 2433 1033 2488 360

112 2519 175 2579 Sed
190 2522 296 2579 eccirm
312 2517 423 2596 Syrum
437 2517 485 2575 ire
500 2514 606 2576 uideo:
628 2518 700 2576 hine
715 2519 799 2577 scibo
815 2519 874 2577 ium
890 2519 945 2580 ubi
961 2520 1031 2579 siet.

111 2616 209 2694 Atqui
221 2613 329 2674 hercle
344 2614 395 2673 hic
411 2605 450 2673 de
466 2631 561 2691 grege
577 2612 680 2675 illust:
703 2616 730 2674 si
745 2633 794 2674 me
810 2615 945 2675 senserit

111 2715 190 2774 Eum
205 2714 397 2792 quaeritare,
417 2713 582 2791 nimquam
599 2712 682 2773 dicet
697 2714 852 2774 cirnnfen.

114 2812 182 2872 Non
203 2810 362 2872 sistendum
382 2809 418 2870 id
438 2829 488 2871 me
509 2809 601 2871 uelle.
630 2813 682 2872 Su.
702 2812 830 2872 Omnem
854 2831 921 2873 rem
942 2811 1031 2874 mido
1047 2823 1073 2863 ¹0

475 2929 541 2971 seni

112 3011 177 3087 Quo
194 3013 285 3087 picto
303 3009 434 3068 heberet
452 3009 627 3068 enarramus
646 3007 787 3068 ‹irdine'
979 3018 1030 3072 365

110 3104 162 3166 Nil
179 3108 340 3185 quicquum
356 3104 422 3166 nidi
435 3105 556 3166 laetius.
578 3105 635 3166 Du.
650 3106 712 3166 Pro
728 3108 874 3191 liippiter,

110 3207 251 3266 Hominis
266 3206 436 3266 stultitiam.
460 3207 512 3269 Su.
529 3206 733 3268 Cinluuduuit
747 3207 861 3268 filium:

111 3303 206 3380 Mihi,
230 3305 282 3383 qui
299 3303 337 3363 ii
346 3303 500 3364 dedissem
515 3304 693 3383 sensilium,
713 3307 778 3384 egit
791 3307 912 3385 grttius.

42 3402 82 3461 tu.
110 3400 300 3482 Distrimpor.
323 3402 375 3463 Su.
391 3403 561 3479 Argentum
579 3401 790 3462 idnurnersuit
803 3401 891 3462 iiico:
1047 3422 1075 3463 re

70 3487 232 3545 Tnneurivs.
785 3487 824 3546 2ss
