2340 3840
340 382 675 458 PROLOGVS.
774 397 783 419 ‘

91 555 236 633 Hecyrae
251 553 341 613 huice
355 571 468 613 nomen
485 551 657 615 iebulaest:
676 555 753 616 haec
769 559 861 636 quem
876 555 976 620 datast

91 651 194 729 Noua,
216 653 249 711 εί
258 669 372 711 nouom
385 651 557 711 interuenit
572 652 681 713 uitium
699 660 731 713 et
747 652 914 735 celamitas,

90 747 134 810 Vt
148 749 251 827 neque
268 749 402 829 spectari
417 751 520 827 neque
535 752 678 828 cognosci
693 753 848 832 petuerit:
972 823 977 829 ‚

90 846 135 905 lta
151 843 284 926 pepulus
301 843 404 904 studio
420 844 562 926 stupidus
578 848 611 905 in
626 847 804 911 funtmbulo

90 943 233 1003 Animum
251 943 424 1022 eccuparat.
452 942 534 1002 uriuc
550 943 628 1004 haec
641 942 765 1026 planest
783 950 840 1028 pre
857 967 952 1011 noua:
992 962 1009 1013 5

91 1041 134 1101 Et
148 1041 175 1100 is
190 1041 243 1120 qui
260 1041 385 1121 scripsit
400 1041 478 1100 henc
493 1041 532 1100 ob
552 1059 619 1102 eam
634 1061 701 1103 rem
715 1042 816 1105 noluit

90 1139 208 1199 iterium
222 1139 364 1216 referre,
385 1144 420 1198 ut
434 1141 546 1199 iterum
559 1146 667 1219 posset
682 1140 831 1219 uendere,

91 1235 158 1296 Sed
195 1259 802 1300 ssssssss

89 1332 176 1395 Alies
192 1335 346 1414 cognostis
361 1336 441 1395 eius:
465 1352 577 1412 quaeso
592 1336 671 1395 hanc
685 1338 813 1398 nescite.
845 1313 848 1318 ⁴

229 1489 265 1558 L.
294 1488 510 1558 AMBlVlVS
537 1488 782 1564 PROLOGVS.

91 1618 206 1678 0rttor
223 1616 262 1677 ad
276 1637 332 1678 uos
348 1619 439 1678 uenio
456 1625 566 1679 ornatu
582 1618 720 1700 prologi:

90 1715 191 1774 Sinite
209 1716 352 1777 exorator
366 1718 439 1794 sim,
462 1715 571 1777 cedem
587 1723 622 1777 ut
637 1718 706 1777 iure
722 1721 769 1777 uti
785 1736 890 1779 senem
974 1733 1008 1784 10

89 1812 211 1890 Liceet,
230 1833 292 1892 ‘quo
307 1814 377 1873 iure
392 1833 459 1875 sum
477 1816 547 1875 risus
562 1812 801 1895 adulescentior,

90 1909 193 1969 Nouts
210 1911 261 1989 qui
278 1916 398 1970 exactas
412 1911 475 1971 feci
489 1919 523 1971 ut
536 1912 814 1992 inueterescerent,

89 2008 137 2067 Ne
153 2010 221 2068 crim
236 2011 327 2089 poeta
343 2012 495 2090 scriptura
511 2011 723 2072 euanesceret.
1019 2033 1033 2072 s

90 2104 124 2164 ln
140 2107 201 2183 eis,
224 2126 298 2184 quas
312 2108 444 2187 primum
453 2091 576 2168 'caecili
592 2106 688 2170 didici
700 2130 807 2189 nouas,

89 2202 206 2263 Partim
220 2224 285 2264 sum
300 2222 404 2264 earum
419 2208 559 2285 exectus,
580 2208 694 2288 partim
708 2211 760 2269 uix
775 2209 858 2270 steti.
975 2219 1006 2271 15

91 2303 168 2380 Quia
183 2304 298 2364 scibam
313 2302 435 2364 dubiam
447 2304 604 2365 fertunam
620 2323 690 2365 esse
707 2305 888 2382 recentem,

91 2398 153 2479 Spe
165 2401 285 2461 incerta
299 2407 418 2462 certum
432 2403 508 2463 mihi
523 2401 662 2463 laborem
678 2401 797 2463 sustuli.

88 2497 221 2559 Easdem
236 2502 329 2578 tgere
347 2502 454 2581 coepi,
475 2507 509 2561 ut
524 2503 561 2560 eb
578 2498 688 2562 eodem
706 2499 781 2561 alias
799 2440 1046 2560 disceremsll

88 2595 209 2675 Noues,
230 2596 384 2677 studiose,
405 2600 445 2658 ne
459 2596 548 2659 illum
565 2600 602 2660 ab
620 2598 722 2659 studio
739 2597 934 2659 abducerem.

88 2693 214 2754 Perfeci
227 2701 262 2755 ut
276 2696 505 2777 spectarentur:
528 2697 580 2755 ubi
596 2702 668 2756 sunt
681 2697 833 2774 cegnitae,
971 2704 1006 2758 20

90 2791 227 2854 Placitae
240 2803 319 2855 runt.
348 2798 392 2858 lta
400 2789 529 2878 poetam
544 2797 669 2856 restitui
683 2792 832 2855 inlocum

87 2890 192 2972 Prope
206 2893 266 2954 iem
280 2902 431 2956 remotum
445 2895 558 2956 iniuria
574 2893 782 2956 aduorstrinm

89 2988 137 3047 Ab
153 2989 256 3050 studio
273 2999 365 3072 atque
379 2995 416 3052 ab
430 2992 538 3055 labere
552 3001 645 3075 atque
663 2999 731 3053 arte
744 2991 870 3051 mirica.
1018 3005 1045 3046 ιι

90 3086 179 3161 Quod
196 3091 222 3147 si
236 3090 418 3169 scripturam
434 3093 621 3170 spreuissem
634 3093 668 3151 in
682 3088 858 3171 praesentia

89 3184 131 3243 ut
144 3185 177 3244 in
191 3184 379 3247 deterrendo
393 3185 559 3248 ueluissem
575 3206 699 3267 operam
713 3187 847 3262 sumere,
969 3191 1003 3246 25

89 3281 133 3341 Vt
146 3283 179 3340 in
195 3284 258 3343 etio
274 3290 357 3344 esset
371 3284 474 3366 petius
491 3305 580 3364 quam
594 3284 627 3344 in
641 3283 782 3362 negetio:
