2340 3840
54 173 248 227 111145-27
421 165 708 233 EVNVOHVS.
1014 167 1053 232 ot
1136 232 1138 241 ,

137 338 226 418 Quod
241 342 307 401 caim
321 358 370 400 mc
384 356 485 398 amare
498 336 702 415 auspicatam?
728 336 787 396 Ga.
808 333 858 397 Nil
873 337 980 399 miuus.
1004 346 1056 402 435
1073 348 1099 390 ta

136 439 229 499 Immo
243 439 321 516 otigo
332 436 427 514 magis
438 435 648 514 suspitionem.
670 433 730 495 Tu.
743 432 849 510 Quor?
865 434 924 495 (iro.
933 435 1056 514 Rogas?

138 536 227 612 Scin,
250 533 400 613 siquando
422 532 478 591 illa
498 531 685 590 mintionem
709 529 881 591 Ploaodriac

136 633 225 692 Facit
246 633 300 692 mit
320 632 347 691 si
367 628 489 707 laudat,
518 634 550 688 tc
573 629 607 687 ait
627 625 708 687 male
729 627 821 688 urat?
854 628 915 690 Tu.
939 629 1056 690 Scutio.

54 731 113 790 Ga.
140 728 175 789 ld
196 731 230 789 ot
250 747 289 788 uc
310 728 382 805 fiat,
403 727 479 787 hado
499 743 551 786 rea
573 723 670 785 solaci
691 725 838 787 remedio.

140 829 199 890 Vbi
219 828 389 887 udmiuabit
410 823 610 909 Phaedriam,
632 829 665 884 tu
686 824 877 905 Pdmphilam
1005 834 1057 888 440
1075 851 1100 890 aa

140 927 303 987 Continuo.
331 922 480 1003 siquando
499 922 555 983 illa
574 922 658 983 dicet
680 923 875 984 ‘Phacdriom

139 1025 221 1085 iutro
240 1025 394 1085 mittamus
417 1022 669 1083 commissatum':
696 1021 885 1103 Pimphilam

141 1123 302 1184 Cautttum
322 1123 536 1202 prouoccmua.
566 1123 593 1181 ai
613 1119 751 1181 landohic
770 1122 847 1182 haec

140 1219 226 1281 illius
247 1222 392 1280 formam:
414 1227 449 1281 tu
469 1221 559 1281 hiliua
580 1228 696 1280 contra.
730 1217 864 1299 donique

138 1320 199 1379 Par
220 1321 277 1400 prd
298 1320 367 1399 pari
387 1320 524 1396 rcidrto,
547 1317 630 1397 quod
652 1337 719 1379 eam
740 1316 888 1378 mordeat.
1005 1325 1055 1380 415
1074 1338 1099 1378 aa

57 1416 108 1479 l'u.
142 1418 302 1498 Siquiddm
321 1437 371 1479 me
389 1424 520 1496 amaret,
542 1424 606 1478 tum
624 1419 704 1478 istuc
724 1415 903 1497 promissit,
924 1416 1056 1476 Gnatho.

55 1516 114 1576 (iu.
139 1515 267 1592 Quando
292 1513 369 1575 illud
394 1514 476 1595 quod
496 1522 532 1576 tu
555 1515 607 1576 dia
629 1520 771 1595 expectat
791 1518 883 1594 itque
905 1520 994 1592 amat,

140 1613 200 1672 lam
222 1611 336 1673 didam
356 1618 390 1673 to
411 1619 505 1672 amat:
525 1613 585 1673 idm
609 1611 721 1671 dudum
741 1610 789 1672 illi
808 1611 900 1672 iaicile
922 1612 957 1670 fit

140 1709 229 1785 Quod
247 1709 364 1771 ddleat:
386 1711 497 1770 metuit
518 1710 656 1789 comper,
678 1729 768 1789 quem
788 1710 855 1788 ipsa
876 1711 957 1769 mino
977 1706 1059 1787 capit

138 1808 304 1886 Fructum,
327 1807 489 1889 nequando
512 1810 606 1868 iritua
629 1814 662 1866 tu
683 1806 743 1866 alio
766 1807 916 1867 conferas.
1005 1813 1058 1866 450
1075 1819 1101 1859 tt

54 1907 117 1967 Tu.
138 1908 223 1968 Beue
245 1907 338 1971 dixti:
371 1929 406 1968 ac
428 1908 502 1968 mihi
524 1908 602 1967 istuc
623 1909 685 1966 nou
712 1906 743 1965 iu
766 1912 900 1967 mentem
923 1905 1059 1965 uouerat.

54 2006 116 2066 (iu.
135 2005 323 2068 Ridiculum}
345 2027 408 2066 non
429 2007 511 2066 cuim
532 2006 697 2084 cogitaras:
725 2006 864 2066 cdtcrum

140 2104 223 2166 ldcm
246 2107 305 2166 hoc
328 2108 396 2167 tote
417 2104 528 2166 mcliuc
544 2108 657 2185 quinto
670 2105 858 2183 iuuenissco,
881 2103 1018 2164 'l'hrasoi

141 2273 279 2335 Tuam.
324 2273 492 2335 'l'uuaao
542 2272 743 2334 Pauuuuo.
793 2274 969 2334 Gaauuo.

470 2372 654 2432 Puuuiao.

55 2497 118 2559 Tu.
140 2498 257 2561 Audire
279 2519 387 2561 uocem
407 2504 474 2562 uisa
496 2519 562 2561 sum
584 2497 675 2558 modo
698 2496 813 2558 militia.
1066 2501 1129 2553 ¹1112

140 2599 244 2678 Atque
273 2600 387 2660 cecum.
420 2598 523 2675 salue,
553 2600 595 2657 mi
622 2597 751 2657 Thraso.
795 2595 877 2659 Tum
906 2595 932 2655 0
960 2586 1059 2655 'l'ha‘ia

513 2716 590 2774 meo,
1007 2701 1059 2756 455

142 2795 248 2856 Meum
269 2798 401 2874 ciuium,
425 2795 499 2874 quid
519 2794 643 2874 tgituri
665 2792 777 2873 ecquid
798 2796 854 2853 uos
876 2813 956 2855 amaa

141 2894 186 2955 De
209 2893 337 2955 fidicina
359 2895 459 2955 istac?
501 2895 558 2955 Pa.
586 2895 682 2970 Quum
702 2901 847 2953 uenusto:
870 2892 953 2971 quid
975 2890 1062 2953 dedit

141 2993 329 3074 Principium
358 2992 541 3054 adueniens!
582 2992 643 3053 Tu.
670 2989 841 3051 Plurimum
864 2992 975 3052 merito
998 2997 1093 3057 tuot

56 3089 116 3151 Gn.
140 3091 251 3152 Etmuc
279 3108 353 3169 ergo
383 3089 421 3149 ad
446 3092 568 3151 conam:
597 3088 672 3169 quid
699 3090 784 3149 stoa?
832 3090 888 3151 Pa.
918 3089 997 3148 Hem
1019 3087 1063 3148 tl-

528 3196 645 3250 torum:

141 3286 188 3348 Ex
206 3287 330 3348 hdmiue
351 3288 433 3348 huuc
450 3294 555 3348 uatum
577 3285 685 3347 dicas?
729 3284 809 3346 Τιιι.
835 3284 896 3346 Vbi
917 3284 980 3362 uic,
1000 3286 1062 3345 non

528 3406 641 3446 moror.
1010 3390 1063 3442 460

1070 3554 1112 3616 Ι
