2354 3840
152 190 194 282 iia
384 195 387 199 ’
516 221 726 283 suauis.
957 226 1146 283 ivm-2:

153 389 211 450 (iu.
239 391 312 469 Quis
334 392 425 450 homo
449 390 551 450 istuc?
587 390 643 452 ΡΑ.
673 391 784 453 Dauos.
823 392 880 453 Cu.
912 395 1008 471 Quam
1028 393 1146 452 ‹ibrem‘

607 488 664 551 Pa.
687 491 814 568 Nescio,
835 492 896 551 nisi
919 491 1009 551 mihi.

35 578 38 583 ’
115 596 141 637 ⁴⁰
238 585 320 646 Deus
342 591 415 649 sitia
433 589 529 649 fuisse
551 591 665 668 iritcs,
687 592 739 669 qui
761 589 1005 649 auscultiuerim.

155 687 202 747 Cu
237 689 365 749 Factum
379 691 438 749 hic
452 698 515 767 cst,
535 676 643 749 Daue?
665 691 724 751 Du.
739 692 875 753 Pictum.
899 692 956 753 Cu.
972 692 1063 771 Hem,
1086 694 1146 771 quii

611 779 673 868 ais,
689 788 813 849 scelus?
1105 800 1146 853 662

240 887 280 945 At
299 887 354 946 tibi
377 885 408 944 di
431 885 555 964 dignum
575 888 665 947 fictis
687 888 812 949 exitiaim
833 885 930 949 duint.
1029 958 1031 963 ,

237 984 323 1061 Eho,
352 982 401 1044 dic
422 986 513 1062 mihi,
542 986 569 1045 si
589 1004 694 1045 omnes
715 986 798 1044 hinc
818 987 991 1045 coniectum
1019 985 1052 1043 in
1079 988 1142 1064 mip

609 1083 667 1143 tias

237 1178 354 1239 Inimici
374 1178 511 1257 uellent,
534 1179 616 1257 quiid
634 1181 694 1239 nisi
716 1179 877 1251 consilium
898 1181 958 1239 hic
981 1177 1113 1237 darent?

72 1300 74 1304 ⁸
112 1294 138 1334 aa
156 1274 214 1335 us.
241 1275 398 1359 Deceptus
419 1296 501 1355 sum,
524 1284 555 1335 at
576 1295 638 1337 uon
660 1274 856 1355 dcfctigatius.
890 1276 947 1337 Cu.
970 1275 1051 1335 Scio.

154 1373 212 1433 Ds.
239 1374 305 1433 Hac
325 1378 388 1434 nin
409 1375 573 1451 successit,
596 1373 656 1433 ilia
677 1374 895 1451 adgrediemur
913 1375 978 1433 uia:
1108 1380 1146 1434 67⁴

237 1472 304 1532 Nisi
325 1472 353 1532 si
374 1471 407 1532 id
427 1479 534 1552 putas,
557 1473 627 1549 quia
646 1474 745 1553 primo
766 1475 921 1551 processit
941 1456 1060 1551 parum,

236 1569 305 1629 Non
326 1573 418 1649 pisse
437 1571 497 1628 iam
519 1566 557 1629 ad
578 1567 710 1629 saliatem
731 1570 872 1628 conuorti
893 1570 953 1629 hic
969 1567 1089 1627 malum.

153 1667 209 1728 Pu,
238 1667 332 1727 Immo
354 1668 460 1727 ctiam:
482 1687 551 1727 nam
573 1668 646 1727 satis
669 1666 779 1746 crido,
802 1670 828 1727 si
847 1666 1073 1745 aduigiliueris,

111 1787 136 1829 aa
237 1769 284 1828 Ex
305 1768 374 1845 uinis
395 1768 531 1853 geminas
552 1767 628 1833 mihi
648 1767 792 1827 conficies
814 1768 946 1845 nuptias.
985 1834 988 1839 ¹

153 1866 212 1927 us.
238 1867 322 1945 Ego,
343 1865 521 1946 Pamphile,
542 1867 602 1950 hoc
623 1867 681 1926 tibi
701 1867 758 1945 prii
781 1866 908 1925 seruitio
933 1862 1043 1940 de'bco,
1107 1870 1146 1926 67:

238 1964 351 2023 Cosiri
372 1965 509 2023 manibus
527 1961 658 2042 pedibus
674 1963 836 2041 noctisque
857 1962 889 2020 tt
908 1959 985 2038 dies,

238 2062 356 2140 Capitis
371 2058 523 2139 periclum
546 2058 648 2137 adire,
672 2059 743 2118 dum
763 2062 879 2139 prosim
900 2059 973 2118 tibi:

239 2158 384 2233 Tuomst,
406 2152 510 2234 siquid
527 2165 656 2241 practer
678 2175 762 2237 spem
782 2159 903 2235 cucnit,
924 2157 966 2216 mi
986 2156 1146 2234 igniscerc

109 2269 136 2311 as
235 2253 349 2313 Parium
371 2251 509 2313 succedit
530 2252 612 2333 quid
632 2272 703 2333 ago:
725 2258 756 2312 at
776 2252 855 2313 facio
876 2250 994 2312 scdulo.

237 2349 299 2411 Vel
320 2349 430 2412 mc'lius
451 2358 518 2410 tute
538 2350 661 2431 reperi,
683 2369 732 2409 me
751 2351 876 2410 missum
898 2350 975 2410 face.
1109 2358 1146 2412 66

40 2468 43 2473 ·
153 2436 209 2510 ΡΛ.
238 2448 352 2529 capia:
375 2450 506 2510 restitue
528 2468 619 2529 quem
640 2453 658 2508 i
678 2468 727 2509 me
747 2450 894 2528 accepisti
911 2446 1023 2507 locum.

153 2546 212 2607 Da.
238 2547 370 2607 Faciam.
389 2547 446 2606 Pu.
469 2529 511 2606 it
532 2548 591 2606 iam
612 2547 672 2606 hoc
695 2565 771 2627 opus
794 2553 850 2605 est.
884 2545 942 2605 Da.
971 2536 1027 2622 st',
1055 2564 1143 2605 inane

612 2643 733 2723 crepuit
753 2643 826 2702 laiac
846 2639 1024 2720 aGlyccrio
1040 2643 1146 2702 istium

152 2739 209 2800 Pa.
238 2739 290 2799 Nil
311 2740 350 2800 td
372 2749 413 2801 tc.
441 2740 501 2800 Du.
525 2742 655 2818 Quaero.
682 2740 740 2798 Pu.
763 2740 859 2816 Hem,
880 2741 995 2801 minciu
1017 2740 1139 2801 demum

509 2837 567 2897 Du.
590 2837 631 2896 At
649 2838 708 2895 iam
731 2837 790 2895 hcc
811 2838 870 2897 tibi
891 2826 1050 2897 inuentum
1071 2837 1146 2896 dabo

240 3005 375 3065 Musis.
411 3005 649 3066 Pauuuiuvs.
687 3004 897 3064 Cussusvs.
939 3004 1077 3063 Dauos.

37 3142 51 3179 '=
84 3131 222 3197 wama.
240 3130 302 3190 lam
329 3131 381 3190 ubi
408 3132 462 3190 sibi
489 3133 567 3208 erit,
595 3108 755 3190 inuentum
774 3129 831 3188 tibi
853 3128 965 3187 curibo
988 3134 1021 3188 et
1042 3147 1146 3188 mccun

17 3222 40 3249 ‘⁵
603 3227 767 3288 addictum
913 3314 917 3320 .

239 3326 337 3386 Tuom
360 3325 565 3406 Pamphilum:
588 3325 678 3387 modo
700 3332 749 3403 tu,
769 3325 869 3384 inime
890 3326 948 3403 mi,
967 3323 1033 3384 noli
1053 3332 1146 3384 tc‘ma

603 3429 720 3486 cartre.
1110 3432 1146 3485 68
