2340 3840
70 176 198 227 11-24

395 789 666 885 iiiiii.

331 977 562 1036 Purrorrs.
608 974 735 1034 Suau.

70 1167 88 1206 ι.
114 1147 178 1204 Per
193 1141 248 1225 pal
263 1163 353 1222 quam
367 1161 481 1224 paucos
499 1142 639 1221 reperias
653 1142 870 1200 meretricibus
1065 1157 1109 1213 11

115 1239 236 1300 Fidelis
251 1241 380 1300 euenire
399 1239 568 1316 amatoris,
592 1237 680 1316 Syra.

116 1337 180 1398 Vel
195 1338 247 1397 hic
261 1334 439 1416 Pamphilus
454 1337 576 1395 iuribat
591 1337 734 1414 quotiens
748 1333 906 1413 Bacchidi,
1007 1344 1043 1400 60

118 1437 217 1511 Quam
232 1435 357 1511 sinete,
378 1439 414 1492 ut
429 1433 529 1511 quiuis
543 1431 636 1493 facile
650 1431 913 1513 paraetonium,

117 1533 288 1609 Numquam
302 1529 357 1589 illa
372 1531 443 1589 uiua
459 1527 623 1591 diruturum
638 1531 765 1591 uxorem
781 1529 917 1590 domum!
1054 1537 1069 1576 ὓ

116 1631 174 1688 Em
189 1627 287 1688 duxit.
321 1627 374 1687 Sr.
389 1628 474 1704 Ergo
489 1630 659 1707 prripterea
672 1633 705 1687 te
723 1627 829 1688 sedulo

117 1729 159 1787 Et
173 1728 283 1786 mineo
300 1731 333 1785 et
347 1725 475 1803 hortor,
497 1727 539 1784 ue
555 1727 755 1805 quoiusquam
769 1729 926 1799 misereat,

118 1825 201 1899 Quin
215 1820 332 1903 aprilies
346 1821 471 1882 mutiles
486 1822 624 1901 licerer,
640 1841 824 1902 quemquem
837 1824 927 1881 uicta
938 1822 991 1883 aia.
1006 1831 1041 1884 65

83 1975 88 1985 .
118 1924 193 1983 Vtin
208 1923 350 1982 eximium
366 1922 520 1981 neminem
534 1922 687 1981 habeam?
717 1920 769 1982 Sr.
783 1919 959 1980 Neminem:

118 2021 194 2080 Nam
210 2023 301 2079 nemo
315 2017 441 2078 illorum
458 2023 635 2098 quisquam,
655 2019 750 2095 scito,
773 2015 812 2076 ad
827 2017 970 2093 tenerit,
1055 2036 1081 2076 m

119 2117 200 2190 Quin
214 2119 257 2175 ita
270 2121 362 2195 paret
378 2133 464 2193 sese,
486 2117 540 2174 tbs
554 2123 587 2174 te
602 2120 637 2173 ut
648 2112 808 2174 blanditiis
825 2113 897 2172 suis'

119 2214 217 2287 Quam
231 2215 365 2270 minumo
382 2212 486 2291 pretio
501 2214 587 2270 autm
602 2208 793 2290 uoluptatem
812 2206 943 2288 expleat.

119 2309 248 2367 Hisciue
261 2313 298 2366 tu
313 2308 419 2367 amabo
435 2310 497 2367 urin
513 2314 621 2367 contra
635 2305 846 2366 insiditbere?
1006 2313 1042 2366 70

84 2456 91 2470 .
121 2406 239 2475 Tamtu
253 2405 308 2486 pol
323 2405 454 2466 eandem
469 2407 645 2465 iniuriumst
660 2422 728 2463 esse
744 2403 892 2461 amnibus.

80 2555 85 2565 .
119 2504 266 2563 lniririum
282 2507 413 2561 autemst
426 2500 536 2562 ulcisci
552 2499 770 2559 aduorstrios?
1056 2525 1082 2567 m

119 2601 183 2659 Aut
198 2603 257 2679 qut
272 2600 322 2658 uia
338 2604 372 2658 te
387 2602 514 2679 ctpteut
528 2596 635 2657 eadem
650 2598 736 2676 ipsuis
753 2597 845 2676 eapi‘.²

119 2697 209 2756 Eheri
224 2714 273 2755 me
288 2697 448 2774 miseram,
471 2699 548 2775 quir
561 2714 624 2754 uon
639 2700 691 2753 aut
706 2697 803 2755 istaec
818 2696 894 2754 mihi

121 2795 216 2853 Aetia
231 2802 263 2852 et
278 2794 406 2854 formast
422 2797 475 2857 alit
489 2796 546 2854 tibi
563 2796 641 2853 haee
659 2794 835 2853 sententia?
1007 2803 1042 2857 75

238 2962 435 3024 Pauuuuo.
479 2962 675 3023 Puruorrs.
722 2962 834 3022 Srau.

70 3108 91 3148 a.
121 3088 224 3146 Seue'x
239 3088 265 3145 si
282 3093 412 3166 quaeret
425 3089 490 3165 me,
512 3087 603 3148 modo
617 3089 679 3147 isse
694 3086 790 3146 dicito
1058 3090 1073 3142 1
1093 3093 1113 3143 t

121 3183 171 3244 Ad
184 3186 309 3264 pairtum
322 3188 539 3265 percontttum
557 3184 724 3245 aduentum
737 3182 900 3263 Pamphili.

120 3281 225 3340 Audin
241 3280 317 3360 quid
331 3281 447 3360 diuam,
470 3281 595 3342 Scirte?
618 3283 645 3341 si
659 3282 789 3360 quaeret
802 3298 869 3357 me,
891 3282 938 3340 uti

121 3379 203 3439 Tum
219 3379 319 3439 dicas:
342 3381 369 3440 si
383 3399 446 3439 uon
464 3381 608 3458 quaeret,
630 3377 733 3439 nullus
748 3376 874 3456 dixeriS,

77 3468 242 3522 i'aururrvs.
866 3462 904 3522 16
