2340 3840
134 193 155 253 6
452 189 560 252 VITA
591 191 821 253 TERENTII.

180 364 210 418 ln
221 364 345 419 medium
355 365 435 419 nobis
448 363 554 420 sedatis
567 365 684 420 uocibus
696 366 788 420 eoiers

181 447 320 519 Quicquid
331 464 411 504 come
423 449 541 520 loquens
553 454 634 519 atque
646 448 740 503 omnia
752 447 846 503 dulcio
859 447 969 504 dicens.

137 529 205 585 Item
219 531 248 587 C.
263 531 381 588 Caesar:

181 614 223 670 Tu
234 632 358 687 quoque,
375 617 442 671 tuin
454 617 585 684 summis,
598 633 615 671 o
628 615 773 672 dimidiato
784 614 948 683 Menander,

112 704 129 757 ὁ
181 700 297 756 Poneris
310 705 338 756 et
347 701 462 767 rnerito,
474 700 538 771 puri
550 700 689 756 sermonis
701 705 819 754 amator.

182 783 303 839 Lenibus
314 789 397 854 atque
408 783 514 838 utinam
526 784 637 855 seriptis
649 783 782 838 adiuncta
794 783 865 837 toret
874 783 929 850 uis,

183 865 295 924 Comioa
305 873 335 922 ut
345 872 464 937 aequato
478 867 566 922 uirtus
579 868 698 938 polleret
709 867 816 922 honore

183 949 250 1006 Cum
262 951 386 1018 Graecis,
399 967 491 1022 neque
503 951 532 1006 in
543 951 597 1007 hae
610 950 760 1022 despectus
773 957 851 1021 parte
865 951 991 1006 iaceres:

181 1035 274 1088 Vnum
286 1034 340 1090 hoe
351 1050 481 1090 maceror
491 1040 518 1090 et
530 1033 612 1090 doleo
624 1036 671 1090 tibi
684 1034 801 1102 deesse,
813 1035 935 1089 Terenti.

353 1187 646 1243 ADDITAMENTVM
667 1187 762 1242 AELII
782 1187 928 1243 DONATI.

222 1300 298 1354 Haeo
314 1298 464 1356 Suetonius
476 1299 664 1371 Tranquillus.
699 1301 770 1356 Nam
788 1298 861 1354 duos
878 1298 1025 1357 Terentius
1044 1307 1145 1373 poetas

140 1383 227 1438 tuisse
239 1384 335 1438 scribit
345 1385 463 1451 illelius,
483 1400 601 1455 quorum
618 1385 688 1439 alter
701 1384 886 1455 Fregellanus
902 1385 986 1439 luerit
997 1384 1144 1442 Terentius

49 1473 52 1480 '
139 1467 224 1534 Libo,
242 1469 311 1522 alter
325 1468 469 1522 libertinus
484 1467 631 1523 Terentius
642 1468 711 1523 Ater
722 1473 828 1539 patrna,
848 1466 884 1522 de
902 1484 957 1539 quo
969 1483 1045 1526 nuno
1058 1470 1145 1542 loqui·

139 1567 211 1604 mur.
253 1550 394 1622 Scipionis
412 1553 522 1607 tabulas
537 1551 663 1607 edidisse
679 1550 840 1606 Terentium
857 1551 977 1624 Valgius
994 1552 1024 1607 in
1044 1556 1147 1610 Autae-

98 1637 132 1690 15
144 1651 198 1690 one
212 1635 264 1690 ait:

185 1718 260 1775 Tuae
272 1718 344 1791 quad
358 1725 495 1775 uocantur
506 1718 617 1776 fibulae
629 1719 747 1776 cuiaene
758 1716 843 1773 sunti

182 1803 245 1858 Non
254 1801 307 1858 heis
319 1780 441 1874 quiiuro
450 1803 566 1876 Pdplius
579 1803 663 1860 debat
672 1803 801 1876 pe'ntibus

181 1887 294 1944 Hondre
306 1904 415 1944 summo
429 1887 557 1944 adtectus
570 1889 636 1944 iecit
645 1883 774 1944 la'bulasi

140 1972 217 2027 Duae
235 1974 270 2027 ab
287 1971 462 2043 Apollodoro
484 1973 637 2028 onustatae
655 1987 720 2026 esse
732 1969 862 2026 dicuntur
872 1971 997 2038 eomioo,
1014 1970 1145 2027 Phormio

96 2059 171 2112 diet
184 2054 313 2127 Hecyra:
331 2060 460 2126 quattuor
477 2054 603 2126 reliquae
625 2069 642 2108 a
657 2053 826 2109 Menandro.
857 2054 901 2110 Ex
918 2055 1020 2126 quibus
1042 2070 1146 2128 magno

144 2155 280 2194 successu
290 2145 318 2193 et
329 2140 419 2210 pretio
435 2138 508 2194 stetit
517 2137 670 2194 Eunuchus
683 2138 790 2193 tabula:
807 2137 920 2212 Hecyra
932 2153 1019 2210 saepe
1030 2138 1148 2197 exutus·

142 2223 192 2278 uix
202 2228 265 2279 eota
275 2228 329 2277 est.
