2340 3840
399 213 508 275 vira
536 211 766 274 TERENTII.
1067 219 1087 279 5

70 389 279 445 adulescentuli
299 387 393 453 luere,
410 403 494 458 quam
505 386 629 457 Sulpicio
648 385 742 452 Gallo,
758 385 872 441 homine
890 386 971 443 docto
989 395 1016 443 et
1033 405 1086 460 quo

72 474 189 529 consule
204 471 284 527 ludis
295 468 498 543 Megalensibus
513 472 620 525 initium
638 471 735 525 lecerit
746 471 901 526 fabularum
919 472 1086 540 dandarum,

73 559 115 613 uel
126 557 162 624 Q.
172 557 266 612 Fabio
278 555 407 610 Labeone
419 562 447 610 et
457 556 495 609 M.
508 555 642 626 Popillio,
665 555 806 610 consulari
818 560 934 626 utroque
946 573 978 611 ac
991 562 1086 628 poeta.

73 640 136 697 ldeo
148 643 247 711 ipsum
260 654 317 692 non
328 639 447 694 iuuenes
460 638 642 710 designasse,
658 639 705 708 qui
717 653 748 693 sc
760 638 905 695 adiuuisse
918 639 1085 707 dicerentur,

75 723 123 779 sed
139 726 237 790 uiros,
256 738 374 793 quorum
391 739 505 794 operam
522 729 549 777 et
567 722 685 777 inbelle
704 723 776 777 etin
794 723 850 778 otio
874 729 901 777 et
922 724 950 778 in
973 727 1114 796 negoti05

74 810 194 881 populus
212 808 252 862 sit
265 814 409 877 expertus.

153 906 226 961 Post
244 903 335 958 editas
349 903 527 970 comoedias,
547 902 670 956 nondum
684 902 807 972 quintum
818 908 900 973 alque
913 903 1085 975 trigesimum

76 1004 208 1060 egressus
218 1004 334 1056 annum,
348 1003 435 1043 causa
447 986 594 1042 euitandae
607 986 760 1056 opinionis,
770 1002 825 1056 qua
836 987 983 1045 uidebatur
994 989 1086 1043 aliena

74 1088 122 1144 pro
138 1074 203 1128 suis
222 1071 326 1138 edere,
345 1087 398 1126 seu
413 1069 588 1143 percipiendi
600 1069 770 1125 Graecorum
788 1071 911 1126 instituta
926 1089 1084 1144 moresque,

75 1172 141 1227 quos
150 1155 277 1227 perinde
289 1156 456 1226 exprimeret
468 1156 497 1210 in
509 1155 634 1226 scriptis,
659 1170 791 1225 egressus
814 1157 908 1210 urbem
931 1161 974 1210 est
995 1170 1084 1224 neque
1097 1166 1131 1217 ιο

76 1241 194 1311 amplius
212 1239 305 1294 rediit.
329 1239 369 1292 De
384 1243 475 1294 morie
487 1241 548 1295 cius
562 1240 707 1295 Volcatius
724 1241 765 1295 sic
779 1240 878 1295 tradite

113 1322 174 1380 Sed
184 1329 216 1378 ut
227 1309 295 1377 riter
307 1338 359 1377 sex
370 1324 474 1393 populo
486 1321 576 1377 edidit
589 1321 762 1389 comoedias,
838 1329 841 1333 '

112 1408 169 1461 lter
180 1403 249 1461 hinc
262 1407 291 1460 in
301 1407 401 1461 Asiam
413 1406 487 1461 lecit.
520 1406 614 1461 nauim
626 1405 710 1476 qudm
723 1407 811 1460 semel

114 1490 306 1558 Conscendit,
319 1491 400 1546 uisus
409 1493 598 1560 numquamst.
621 1490 661 1543 sic
673 1488 731 1544 uita'
743 1497 835 1546 uacat.

77 1575 107 1642 Q.
126 1574 288 1631 Cosconius
306 1574 467 1628 redeuntem
487 1591 502 1629 e
518 1574 637 1630 Graecia
653 1574 763 1644 perisse
780 1575 809 1628 iu
821 1572 837 1604 *
849 1577 918 1630 mari
936 1575 1002 1630 dicit
1020 1593 1082 1630 cum
1097 1585 1128 1635 15

77 1664 184 1715 centum
204 1665 235 1712 et
250 1666 313 1714 octo
327 1659 427 1714 sabulis
446 1658 591 1713 conuersis
611 1658 806 1712 aMenandro.
840 1657 930 1714 Ceteri
946 1666 1084 1713 mortuum
1095 1666 1137 1729 (a)

78 1758 138 1798 esse
156 1744 187 1797 in
203 1742 331 1797 Arcadia
344 1741 499 1813 Stymphali
511 1738 527 1772 *
539 1742 603 1796 sinu
619 1736 807 1796 Leucadiae*
823 1742 935 1799 tradunt
954 1741 1003 1798 Cn.
1019 1742 1085 1798 Cor-

81 1828 147 1881 nelio
168 1826 318 1881 Dolabella
338 1827 377 1880 Μ.
399 1826 498 1880 Fuluio
520 1826 663 1880 Nobiliore
688 1826 866 1893 consulibus,
888 1829 986 1881 morbo
1004 1827 1084 1897 inpli-

81 1909 157 1965 citum
177 1910 238 1964 acrl
256 1924 295 1964 ex
312 1909 408 1965 dolore
426 1925 458 1964 ac
475 1908 568 1963 taedio
581 1910 747 1964 amissarum
760 1910 949 1976 sarcinarum,
972 1912 1084 1979 quasin

78 1994 139 2049 naui
164 1994 369 2066 praemiserat,
397 2010 430 2049 ac
454 1993 536 2048 simul
560 1994 728 2061 fabularum,
758 2009 827 2064 quas
854 2010 944 2048 nouas
969 1995 1129 2053 leceratlo

77 2077 174 2133 Fuisse
192 2077 296 2133 dicitur
313 2077 447 2132 mediocri
466 2083 587 2144 statura,
608 2078 705 2148 gracili
727 2093 859 2150 corpore,
884 2081 978 2135 colore
991 2081 1082 2134 lusco.

76 2160 197 2233 Reliquit
217 2161 319 2231 filiam,
339 2177 411 2231 quae
425 2168 491 2232 post
510 2161 594 2231 equiti
606 2160 734 2216 Romano
754 2164 862 2234 nupsit:
879 2163 943 2218 item
956 2164 1081 2219 hortulos

79 2247 172 2317 uiginti
186 2248 318 2317 iugerum
329 2247 377 2301 uia
388 2245 481 2316 Appia
498 2243 536 2299 ad
546 2245 643 2300 lllartis
658 2246 788 2314 [uillam].
821 2247 881 2315 Quo
893 2248 984 2319 magis
996 2249 1082 2302 miror

77 2330 204 2385 Porcium
218 2329 356 2385 scribere:
442 2363 445 2368 -

585 2413 747 2470 nilPriblius
1093 2423 1128 2474 25

118 2493 217 2569 Scipio
229 2497 348 2569 proluit,
361 2497 400 2551 nil
411 2498 437 2552 ei
449 2496 576 2565 Laelius,
587 2500 626 2552 nil
636 2499 746 2563 Furius,

114 2581 186 2637 Tres
198 2597 250 2654 per
263 2580 339 2636 idem
350 2583 459 2651 tempus
471 2583 518 2652 qui
530 2582 672 2653 agitabant
683 2581 790 2637 ndbiles
802 2577 960 2637 facillume:

114 2665 221 2721 Eorum
232 2667 279 2720 ille
291 2681 378 2736 opera
389 2665 424 2721 ne'
437 2666 551 2720 domum
563 2666 677 2732 quidem
688 2665 783 2722 ha'buit
797 2663 1010 2736 conducticiam,

116 2747 222 2806 Siltem
235 2755 265 2804 ut
276 2756 352 2805 esset
363 2749 418 2822 qud
431 2751 546 2805 referret
558 2751 662 2806 obitum
674 2751 779 2806 domini
792 2751 930 2807 seruulus.

157 2834 240 2889 Hunc
252 2835 387 2890 Afranius
407 2833 519 2905 quidem
538 2836 667 2891 omnibus
683 2835 799 2891 comicis
815 2837 939 2908 praefert
956 2836 1127 2897 scribens30

79 2916 333 2990 incompitalibus:

116 3000 248 3058 Tere'ntio
260 3018 318 3057 non
331 2998 449 3057 similem
462 3003 540 3058 dices
554 3003 722 3075 quempiam.
810 3019 824 3030 ·

81 3084 220 3142 Volcatius
244 3093 336 3142 autem
358 3103 414 3142 non
432 3089 522 3143 solum
539 3089 646 3143 Naeuio
669 3095 696 3141 et
705 3089 802 3143 Plauto
826 3095 853 3144 et
870 3089 1006 3156 Caecilio,
1030 3088 1082 3143 sed

79 3168 180 3226 Licinio
198 3187 308 3244 quoque
327 3178 354 3226 et
370 3172 455 3227 Atilio
473 3173 624 3243 postponit.
659 3171 755 3228 Cicero
774 3175 802 3227 in
812 3174 925 3227 Limone
945 3173 1080 3228 hactenus

80 3253 185 3310 laudat:
1090 3261 1126 3316 35

117 3339 160 3395 Tu
171 3355 298 3411 quoque,
311 3342 358 3412 qui
371 3343 447 3397 solus
459 3342 532 3396 lecto
546 3358 690 3409 sermone,
703 3342 824 3408 Terenti,

119 3421 293 3480 Conuersum
304 3441 526 3497 expressumque
540 3426 636 3482 Latina
646 3443 717 3480 uoce
728 3425 914 3480 Menandrum
