2340 3840
456 209 638 252 Pnansfflo
1021 207 1057 253 15

10 366 14 419 ζ
40 378 123 422 mum
145 361 283 420 codicem
296 357 472 418 amnuens
492 374 555 418 esse
577 375 615 418 no
635 361 721 432 lonae
734 363 876 435 plurimis
892 361 1058 438 Calliopia-

41 475 153 521 aarum
183 460 286 518 meon
311 456 514 530 atsnrpenass
539 454 695 529 sufficere,
729 457 785 516 sed
807 461 853 518 oet
878 461 921 519 sic
945 464 1059 518 restare

41 573 124 632 onae
145 572 217 617 enm
244 555 308 616 tolli
325 552 464 613 Bemiini
486 567 541 628 ope
567 566 727 628 nequeant,
752 556 833 613 ultro
857 556 945 615 nnius
968 557 1058 628 fidem

41 654 269 732 propredtendi
287 658 316 712 et
337 654 443 712 salutis
462 669 479 712 e
500 650 669 712 mareclnra
690 652 840 727 petendae
860 656 1059 714 necessitatem

44 756 221 812 nmsstrent.
237 752 308 812 ltine
322 752 415 824 ipitnr
427 749 582 824 profectus
600 751 672 809 etin
689 752 836 809 amilium
850 751 987 810 adhibitis
1000 767 1058 811 non

45 851 143 909 salma
164 854 297 908 aetenum
318 848 512 921 scriptomtm,
539 846 677 919 inprimis
692 847 956 919 prammctioornm
975 851 1058 907 testi-

46 948 156 1008 moniis
177 947 216 1006 de
236 947 335 1005 multis
355 945 463 1004 darum
480 942 658 1016 fabularum
678 944 822 1017 radius,
844 945 1003 1004 sedetiam
1017 949 1059 1004 eis

47 1061 126 1120 quae
136 1045 261 1118 priores
280 1042 408 1102 editores
421 1042 534 1116 aliique
547 1040 679 1101 nomines
689 1042 769 1101 docti
777 1042 821 1101 ad
828 1042 947 1102 easdem
956 1060 1059 1103 emen-

48 1143 176 1203 dandas
196 1141 270 1200 dato
295 1154 388 1214 opera
413 1141 669 1213 excapitaverunt,
696 1140 790 1199 omlis
802 1143 912 1214 poetae
932 1144 1059 1214 intepri-

48 1246 140 1299 tatem
162 1242 306 1312 quantum
321 1238 409 1312 patui
427 1237 581 1296 restituere
594 1240 716 1296 conatus
729 1252 803 1295 sum.
824 1253 880 1310 quo
900 1239 931 1296 in
947 1242 1060 1311 nepotis

48 1353 126 1397 nora
147 1335 284 1414 suosidm
304 1336 365 1394 nesi
377 1350 454 1409 pune
473 1334 605 1394 amnibus
621 1338 762 1408 paterent
779 1334 855 1392 milti
868 1342 990 1409 praesto
1002 1352 1060 1396 non

46 1433 181 1508 fuerunt
194 1437 321 1506 praeter
341 1446 432 1490 unum
451 1433 619 1509 exemplum
636 1430 772 1491 editiones
792 1440 916 1492 curatae
937 1435 974 1493 aa
993 1433 1059 1492 An-

10 1512 13 1571 ἶ
48 1531 130 1590 nnio
142 1529 281 1588 doveano
291 1527 445 1601 (Lupduni
455 1525 541 1602 apud
548 1525 614 1587 Sei.
625 1527 788 1602 Gryphium
799 1543 828 1586 a.
837 1529 1060 1600 MDXXXXI)

10 1652 13 1661 ¹
49 1628 247 1688 moratum
267 1625 345 1685 illud
362 1627 395 1686 in
416 1626 588 1686 bibliotheca
607 1627 693 1700 reaia
707 1625 884 1686 Monacensi
898 1630 1058 1703 (denatum

50 1726 87 1784 Α
102 1725 172 1785 Lat.
192 1740 222 1782 a.
245 1721 328 1795 290),
351 1724 436 1783 ouius
457 1722 766 1796 ntarpinibus.Petnus
793 1724 938 1783 Victorius
958 1727 1060 1799 sarip-

46 1817 139 1880 'taras
152 1820 349 1894 complurium
363 1819 513 1891 librorum,
527 1821 559 1878 in
572 1820 615 1877 eis
626 1815 765 1877 Bembini
774 1823 965 1894 ascripserat,
981 1820 1061 1879 unde

55 1918 259 1992 aliquotienis
272 1917 310 1975 de
326 1918 450 1975 lectione
468 1916 556 1976 nnius
575 1917 679 1991 optimi
690 1915 762 1975 libri
775 1931 851 1989 quae
865 1917 987 1976 aliunde
1001 1933 1059 1977 nan

52 2020 122 2076 erat
139 2021 211 2074 nota
231 2014 341 2075 certior
357 2012 460 2084 factus
480 2028 554 2072 sum.

139 2111 202 2171 Pro
219 2110 420 2183 fundamento
432 2109 520 2168 liuius
536 2111 728 2182 recensionis,
750 2116 783 2169 ut
789 2126 854 2189 pur
868 2116 936 2169 erat
941 2155 948 2183 ,
970 2111 1061 2171 naim

52 2208 187 2271 Ricardi
199 2207 318 2267 Benttei
335 2206 489 2266 editionem
511 2208 636 2266 alteram
658 2223 735 2280 quae
751 2207 961 2268 Amsteiodami
981 2225 1060 2268 anno

52 2304 302 2367 MacaXXVJJ
325 2303 456 2378 prodiit:
484 2319 503 2361 a
529 2305 615 2362 cuius
641 2307 776 2378 exemplo
801 2304 853 2363 uli
876 2307 1060 2365 recessissem

54 2404 170 2464 matta
186 2401 356 2462 ausoribus
369 2406 422 2461 aut
439 2402 582 2461 librorum
596 2403 773 2476 scriptmnm
786 2405 928 2463 memoria
950 2412 1002 2462 out
1017 2406 1060 2463 eis

10 2576 12 2581 Ι
54 2499 221 2559 nomininn
246 2498 338 2558 doctis
364 2499 417 2571 qui
438 2499 556 2556 illorum
584 2499 771 2570 corruptelas
797 2497 868 2558 berte
888 2498 1060 2559 emendasse

54 2597 229 2657 riderentur
248 2597 280 2654 in
300 2595 359 2654 nac
373 2593 567 2669 praefatione
585 2609 734 2669 exponere
754 2596 978 2668 constitueram·
1005 2614 1058 2657 oe·
1103 2621 1104 2625 ¹

10 2678 13 2707 ³
55 2708 122 2753 naa
142 2707 215 2752 omn
231 2693 365 2752 intelleai
382 2692 442 2750 liae
458 2693 573 2751 ratione
587 2697 716 2766 peracta
731 2691 802 2764 sore
816 2700 848 2752 ut
860 2696 950 2753 multo
963 2697 1059 2754 maius

55 2792 186 2865 spatium
206 2790 370 2864 inpleretur
389 2804 478 2862 quam
499 2788 547 2847 itis
566 2789 680 2848 oleariis
699 2805 866 2851 coracessum
887 2798 973 2864 esset,
996 2795 1057 2852 ita-

55 2907 111 2965 que
130 2892 182 2950 dia
201 2890 322 2951 cortsitio
343 2890 454 2951 abiecta
469 2903 531 2947 una
550 2904 617 2948 oum
636 2889 696 2951 ltac
709 2893 850 2950 maiorem
871 2892 979 2952 narum
998 2894 1058 2965 sa-

56 2988 365 3049 commeationem
376 2991 490 3064 paraui
501 2991 576 3048 iusta
590 2995 743 3062 apparatu
759 2993 861 3052 critico
876 2994 1056 3065 instructam,

56 3101 146 3160 auam
165 3101 237 3145 moa
256 3088 288 3145 in
303 3087 459 3162 pubiicum
478 3086 606 3162 prodire
620 3101 710 3160 posse
730 3103 825 3162 spero.
847 3089 917 3150 nuic
938 3090 1060 3149 editioni

55 3183 143 3258 infra
163 3182 277 3243 nudam
298 3185 529 3259 discrepantiam
546 3185 714 3259 scripturae
734 3184 931 3245 Bentleianoe
950 3185 1056 3259 adieci,

56 3283 136 3344 unde
154 3285 243 3357 quan
259 3297 318 3342 una
338 3288 493 3357 conspectu
513 3285 641 3343 eluceret
659 3289 782 3358 quantos
802 3287 882 3342 intra
901 3289 1059 3344 contumel

56 3382 179 3456 tripinta
211 3393 305 3438 annos
330 3381 417 3438 cra'srs
446 3378 624 3438 Terentiana
649 3381 696 3438 ael
719 3385 797 3453 post·
812 3381 916 3453 mapni
941 3379 1060 3441 Bentlei

57 3482 224 3555 exemplum
250 3477 395 3552 effecisset
414 3495 581 3554 processus,
613 3478 721 3539 seclusi
744 3477 816 3539 inde
847 3493 961 3539 amnem
992 3493 1058 3538 eum
