<?xml version="1.0" encoding="UTF-8"?>
<!DOCTYPE html PUBLIC "-//W3C//DTD XHTML 1.0 Transitional//EN"
    "http://www.w3.org/TR/xhtml1/DTD/xhtml1-transitional.dtd">
<html xmlns="http://www.w3.org/1999/xhtml" xml:lang="en" lang="en">
 <head>
  <title>
</title>
<meta http-equiv="Content-Type" content="text/html;charset=utf-8" />
  <meta name='ocr-system' content='tesseract 3.04.00' />
  <meta name='ocr-capabilities' content='ocr_page ocr_carea ocr_par ocr_line ocrx_word'/>
</head>
<body>
  <div class='ocr_page' id='page_1' title='image "./pterenticomoedi01teregoog/pterenticomoedi01teregoog_0058.png"; bbox 0 0 2340 3840; ppageno 0'>
   <div class='ocr_carea' id='block_1_1' title="bbox 86 197 1089 264">
    <p class='ocr_par' dir='ltr' id='par_1_1' title="bbox 86 197 1089 264">
     <span class='ocr_line' id='line_1_1' title="bbox 86 197 1089 264; baseline 0.013 -13"><span class='ocrx_word' id='word_1_1' title='bbox 86 199 252 251; x_wconf 75' lang='lat' dir='ltr'><strong>tosa—42</strong></span> <span class='ocrx_word' id='word_1_2' title='bbox 479 197 686 259; x_wconf 79' lang='lat' dir='ltr'>ANDRIA.</span> <span class='ocrx_word' id='word_1_3' title='bbox 1049 203 1089 264; x_wconf 71' lang='lat'><strong>21</strong></span> 
     </span>
    </p>
   </div>
   <div class='ocr_carea' id='block_1_2' title="bbox 80 365 1129 3476">
    <p class='ocr_par' dir='ltr' id='par_1_2' title="bbox 80 365 1129 3476">
     <span class='ocr_line' id='line_1_2' title="bbox 164 365 1089 446; baseline 0.003 -20"><span class='ocrx_word' id='word_1_4' title='bbox 164 365 256 444; x_wconf 79' lang='lat' dir='ltr'><strong>Quod</strong></span> <span class='ocrx_word' id='word_1_5' title='bbox 274 366 301 426; x_wconf 87' lang='lat' dir='ltr'><strong>ai</strong></span> <span class='ocrx_word' id='word_1_6' title='bbox 316 385 374 445; x_wconf 85' lang='lat' dir='ltr'><strong>ego</strong></span> <span class='ocrx_word' id='word_1_7' title='bbox 388 370 584 429; x_wconf 79' lang='lat' dir='ltr'><strong>resetur&#39;ssem</strong></span> <span class='ocrx_word' id='word_1_8' title='bbox 599 367 631 426; x_wconf 87' lang='lat' dir='ltr'><strong>id</strong></span> <span class='ocrx_word' id='word_1_9' title='bbox 651 367 753 445; x_wconf 74' lang='lat' dir='ltr'><strong>prius,</strong></span> <span class='ocrx_word' id='word_1_10' title='bbox 782 365 855 444; x_wconf 84' lang='lat' dir='ltr'><strong>quid</strong></span> <span class='ocrx_word' id='word_1_11' title='bbox 874 367 1024 446; x_wconf 75' lang='lat' dir='ltr'><strong>facerem,</strong></span> <span class='ocrx_word' id='word_1_12' title='bbox 1047 370 1089 430; x_wconf 86' lang='lat' dir='ltr'><strong>si-</strong></span> 
     </span>
     <span class='ocr_line' id='line_1_3' title="bbox 538 462 806 540; baseline 0.007 -20"><span class='ocrx_word' id='word_1_13' title='bbox 538 462 604 538; x_wconf 89' lang='lat' dir='ltr'><strong>quis</strong></span> <span class='ocrx_word' id='word_1_14' title='bbox 630 463 679 521; x_wconf 73' lang='lat' dir='ltr'><strong>me</strong></span> <span class='ocrx_word' id='word_1_15' title='bbox 699 471 806 540; x_wconf 84' lang='lat' dir='ltr'><strong>roget:</strong></span> 
     </span>
     <span class='ocr_line' id='line_1_4' title="bbox 164 543 1088 641; baseline 0.002 -20"><span class='ocrx_word' id='word_1_16' title='bbox 164 543 294 641; x_wconf 67' lang='lat' dir='ltr'><strong>Aliquid</strong></span> <span class='ocrx_word' id='word_1_17' title='bbox 316 560 468 636; x_wconf 76' lang='lat' dir='ltr'><strong>tacerem,</strong></span> <span class='ocrx_word' id='word_1_18' title='bbox 490 565 525 618; x_wconf 91' lang='lat' dir='ltr'><strong>ut</strong></span> <span class='ocrx_word' id='word_1_19' title='bbox 540 559 599 618; x_wconf 81' lang='lat' dir='ltr'><strong>hoo</strong></span> <span class='ocrx_word' id='word_1_20' title='bbox 614 576 654 617; x_wconf 91' lang='lat' dir='ltr'><strong>ne</strong></span> <span class='ocrx_word' id='word_1_21' title='bbox 667 557 813 618; x_wconf 82' lang='lat' dir='ltr'><strong>facerem.</strong></span> <span class='ocrx_word' id='word_1_22' title='bbox 846 560 903 619; x_wconf 75' lang='lat' dir='ltr'><strong>aed</strong></span> <span class='ocrx_word' id='word_1_23' title='bbox 918 580 998 622; x_wconf 79' lang='lat' dir='ltr'><strong>nunc</strong></span> <span class='ocrx_word' id='word_1_24' title='bbox 1014 561 1088 641; x_wconf 83' lang='lat' dir='ltr'><strong>quid</strong></span> 
     </span>
     <span class='ocr_line' id='line_1_5' title="bbox 535 656 844 736; baseline 0.006 -22"><span class='ocrx_word' id='word_1_25' title='bbox 535 656 666 736; x_wconf 86' lang='lat' dir='ltr'><strong>primum</strong></span> <span class='ocrx_word' id='word_1_26' title='bbox 688 657 844 734; x_wconf 76' lang='lat' dir='ltr'><strong>exequar?</strong></span> 
     </span>
     <span class='ocr_line' id='line_1_6' title="bbox 163 754 1129 835; baseline 0.005 -20"><span class='ocrx_word' id='word_1_27' title='bbox 163 755 229 815; x_wconf 81' lang='lat' dir='ltr'><strong>Tot</strong></span> <span class='ocrx_word' id='word_1_28' title='bbox 254 774 305 813; x_wconf 89' lang='lat' dir='ltr'><strong>me</strong></span> <span class='ocrx_word' id='word_1_29' title='bbox 329 754 493 835; x_wconf 68' lang='lat' dir='ltr'><strong>inpediunt</strong></span> <span class='ocrx_word' id='word_1_30' title='bbox 514 755 624 831; x_wconf 77' lang='lat' dir='ltr'><strong>aurae,</strong></span> <span class='ocrx_word' id='word_1_31' title='bbox 654 773 731 833; x_wconf 87' lang='lat' dir='ltr'><strong>quae</strong></span> <span class='ocrx_word' id='word_1_32' title='bbox 757 775 858 816; x_wconf 90' lang='lat' dir='ltr'><strong>meum</strong></span> <span class='ocrx_word' id='word_1_33' title='bbox 887 758 1018 819; x_wconf 75' lang='lat' dir='ltr'><strong>tuimum</strong></span> <span class='ocrx_word' id='word_1_34' title='bbox 1039 760 1086 820; x_wconf 86' lang='lat' dir='ltr'><strong>di·</strong></span> <span class='ocrx_word' id='word_1_35' title='bbox 1103 783 1129 825; x_wconf 73' lang='lat' dir='ltr'><strong>aa</strong></span> 
     </span>
     <span class='ocr_line' id='line_1_7' title="bbox 534 853 1086 923; baseline 0.005 -12"><span class='ocrx_word' id='word_1_36' title='bbox 534 853 627 912; x_wconf 77' lang='lat' dir='ltr'><strong>uorse</strong></span> <span class='ocrx_word' id='word_1_37' title='bbox 647 854 789 913; x_wconf 87' lang='lat' dir='ltr'><strong>trahunt:</strong></span> <span class='ocrx_word' id='word_1_38' title='bbox 1034 868 1086 923; x_wconf 80' lang='lat'><strong>260</strong></span> 
     </span>
     <span class='ocr_line' id='line_1_8' title="bbox 161 950 1048 1033; baseline 0.007 -25"><span class='ocrx_word' id='word_1_39' title='bbox 161 950 275 1028; x_wconf 78' lang='lat' dir='ltr'><strong>Amor,</strong></span> <span class='ocrx_word' id='word_1_40' title='bbox 298 950 512 1011; x_wconf 82' lang='lat' dir='ltr'><strong>mtserioordia</strong></span> <span class='ocrx_word' id='word_1_41' title='bbox 531 950 639 1027; x_wconf 77' lang='lat' dir='ltr'><strong>huius,</strong></span> <span class='ocrx_word' id='word_1_42' title='bbox 662 952 836 1030; x_wconf 73' lang='lat' dir='ltr'><strong>nuptitruru</strong></span> <span class='ocrx_word' id='word_1_43' title='bbox 857 950 1048 1033; x_wconf 76' lang='lat' dir='ltr'><strong>sollieitttio,</strong></span> 
     </span>
     <span class='ocr_line' id='line_1_9' title="bbox 160 1047 1086 1130; baseline 0.006 -23"><span class='ocrx_word' id='word_1_44' title='bbox 160 1048 243 1109; x_wconf 80' lang='lat' dir='ltr'><strong>&#39;l&#39;um</strong></span> <span class='ocrx_word' id='word_1_45' title='bbox 264 1052 362 1128; x_wconf 82' lang='lat' dir='ltr'><strong>pttris</strong></span> <span class='ocrx_word' id='word_1_46' title='bbox 383 1047 501 1129; x_wconf 83' lang='lat' dir='ltr'><strong>pudor,</strong></span> <span class='ocrx_word' id='word_1_47' title='bbox 524 1049 577 1126; x_wconf 87' lang='lat' dir='ltr'><strong>qui</strong></span> <span class='ocrx_word' id='word_1_48' title='bbox 598 1048 647 1107; x_wconf 68' lang='lat' dir='ltr'><strong>me</strong></span> <span class='ocrx_word' id='word_1_49' title='bbox 668 1054 730 1107; x_wconf 83' lang='lat' dir='ltr'><strong>tam</strong></span> <span class='ocrx_word' id='word_1_50' title='bbox 750 1047 815 1109; x_wconf 85' lang='lat' dir='ltr'><strong>leni</strong></span> <span class='ocrx_word' id='word_1_51' title='bbox 832 1055 940 1130; x_wconf 73' lang='lat' dir='ltr'><strong>puseus</strong></span> <span class='ocrx_word' id='word_1_52' title='bbox 955 1053 1086 1113; x_wconf 84' lang='lat' dir='ltr'><strong>animost</strong></span> 
     </span>
     <span class='ocr_line' id='line_1_10' title="bbox 533 1146 749 1223; baseline 0.009 -19"><span class='ocrx_word' id='word_1_53' title='bbox 533 1148 630 1223; x_wconf 78' lang='lat' dir='ltr'><strong>usque</strong></span> <span class='ocrx_word' id='word_1_54' title='bbox 650 1146 749 1206; x_wconf 80' lang='lat' dir='ltr'><strong>adhuc</strong></span> 
     </span>
     <span class='ocr_line' id='line_1_11' title="bbox 160 1243 1085 1325; baseline 0.006 -22"><span class='ocrx_word' id='word_1_55' title='bbox 160 1245 248 1319; x_wconf 81' lang='lat' dir='ltr'><strong>Quae</strong></span> <span class='ocrx_word' id='word_1_56' title='bbox 274 1248 343 1305; x_wconf 79' lang='lat' dir='ltr'><strong>meo</strong></span> <span class='ocrx_word' id='word_1_57' title='bbox 371 1263 523 1325; x_wconf 82' lang='lat' dir='ltr'><strong>quomque</strong></span> <span class='ocrx_word' id='word_1_58' title='bbox 552 1246 652 1304; x_wconf 86' lang='lat' dir='ltr'><strong>auimo</strong></span> <span class='ocrx_word' id='word_1_59' title='bbox 673 1243 835 1304; x_wconf 78' lang='lat' dir='ltr'><strong>lubitumst</strong></span> <span class='ocrx_word' id='word_1_60' title='bbox 857 1247 971 1310; x_wconf 87' lang='lat' dir='ltr'><strong>faeere.</strong></span> <span class='ocrx_word' id='word_1_61' title='bbox 1015 1251 1085 1309; x_wconf 81' lang='lat' dir='ltr'><strong>eirre</strong></span> 
     </span>
     <span class='ocr_line' id='line_1_12' title="bbox 532 1343 992 1420; baseline 0.007 -18"><span class='ocrx_word' id='word_1_62' title='bbox 532 1344 588 1420; x_wconf 75' lang='lat' dir='ltr'><strong>ego</strong></span> <span class='ocrx_word' id='word_1_63' title='bbox 608 1351 644 1401; x_wconf 91' lang='lat' dir='ltr'><strong>ut</strong></span> <span class='ocrx_word' id='word_1_64' title='bbox 666 1343 837 1402; x_wconf 76' lang='lat' dir='ltr'><strong>aduorser&#39;?</strong></span> <span class='ocrx_word' id='word_1_65' title='bbox 860 1348 890 1403; x_wconf 81' lang='lat' dir='ltr'><strong>et</strong></span> <span class='ocrx_word' id='word_1_66' title='bbox 908 1347 992 1406; x_wconf 76' lang='lat' dir='ltr'>mihi.</span> 
     </span>
     <span class='ocr_line' id='line_1_13' title="bbox 156 1437 1084 1519; baseline 0.01 -22"><span class='ocrx_word' id='word_1_67' title='bbox 156 1437 343 1500; x_wconf 76' lang='lat' dir='ltr'><strong>incertumst</strong></span> <span class='ocrx_word' id='word_1_68' title='bbox 358 1440 431 1518; x_wconf 82' lang='lat' dir='ltr'><strong>quid</strong></span> <span class='ocrx_word' id='word_1_69' title='bbox 453 1459 547 1519; x_wconf 82' lang='lat' dir='ltr'><strong>agam.</strong></span> <span class='ocrx_word' id='word_1_70' title='bbox 582 1440 645 1500; x_wconf 80' lang='lat' dir='ltr'><strong>Mu.</strong></span> <span class='ocrx_word' id='word_1_71' title='bbox 668 1441 784 1500; x_wconf 80' lang='lat' dir='ltr'><strong>Misera</strong></span> <span class='ocrx_word' id='word_1_72' title='bbox 797 1442 892 1500; x_wconf 87' lang='lat' dir='ltr'><strong>timeo</strong></span> <span class='ocrx_word' id='word_1_73' title='bbox 909 1446 1084 1505; x_wconf 73' lang='lat' dir='ltr'><strong>‘tucertum’</strong></span> 
     </span>
     <span class='ocr_line' id='line_1_14' title="bbox 530 1540 904 1618; baseline 0.008 -19"><span class='ocrx_word' id='word_1_74' title='bbox 530 1541 589 1599; x_wconf 86' lang='lat' dir='ltr'><strong>hoc</strong></span> <span class='ocrx_word' id='word_1_75' title='bbox 612 1559 757 1618; x_wconf 84' lang='lat' dir='ltr'><strong>quorsum</strong></span> <span class='ocrx_word' id='word_1_76' title='bbox 778 1540 904 1602; x_wconf 66' lang='lat' dir='ltr'><strong>occidat.</strong></span> 
     </span>
     <span class='ocr_line' id='line_1_15' title="bbox 158 1632 1128 1719; baseline 0.003 -26"><span class='ocrx_word' id='word_1_77' title='bbox 158 1632 224 1694; x_wconf 76' lang='lat' dir='ltr'><strong>Seu</strong></span> <span class='ocrx_word' id='word_1_78' title='bbox 247 1636 329 1694; x_wconf 78' lang='lat' dir='ltr'><strong>uuna</strong></span> <span class='ocrx_word' id='word_1_79' title='bbox 355 1653 491 1715; x_wconf 82' lang='lat' dir='ltr'><strong>peropus</strong></span> <span class='ocrx_word' id='word_1_80' title='bbox 518 1643 581 1714; x_wconf 86' lang='lat' dir='ltr'><strong>est,</strong></span> <span class='ocrx_word' id='word_1_81' title='bbox 609 1639 662 1696; x_wconf 78' lang='lat' dir='ltr'><strong>aut</strong></span> <span class='ocrx_word' id='word_1_82' title='bbox 689 1637 770 1696; x_wconf 83' lang='lat' dir='ltr'><strong>huno</strong></span> <span class='ocrx_word' id='word_1_83' title='bbox 792 1657 860 1698; x_wconf 85' lang='lat' dir='ltr'><strong>oum</strong></span> <span class='ocrx_word' id='word_1_84' title='bbox 881 1640 948 1719; x_wconf 83' lang='lat' dir='ltr'><strong>ipsa</strong></span> <span class='ocrx_word' id='word_1_85' title='bbox 971 1648 1022 1699; x_wconf 81' lang='lat' dir='ltr'><strong>aut</strong></span> <span class='ocrx_word' id='word_1_86' title='bbox 1045 1640 1084 1700; x_wconf 89' lang='lat' dir='ltr'><strong>de</strong></span> <span class='ocrx_word' id='word_1_87' title='bbox 1103 1655 1128 1696; x_wconf 78' lang='lat' dir='ltr'><strong>so</strong></span> 
     </span>
     <span class='ocr_line' id='line_1_16' title="bbox 424 1723 1059 1815; baseline 0.011 -24"><span class='ocrx_word' id='word_1_88' title='bbox 424 1723 430 1732; x_wconf 53' lang='lat'><strong>⁴</strong></span> <span class='ocrx_word' id='word_1_89' title='bbox 472 1777 493 1810; x_wconf 74' lang='lat'>‚</span> <span class='ocrx_word' id='word_1_90' title='bbox 530 1734 587 1793; x_wconf 80' lang='lat' dir='ltr'><strong>ssla</strong></span> <span class='ocrx_word' id='word_1_91' title='bbox 603 1754 652 1795; x_wconf 89' lang='lat' dir='ltr'><strong>me</strong></span> <span class='ocrx_word' id='word_1_92' title='bbox 675 1733 838 1795; x_wconf 88' lang='lat' dir='ltr'><strong>aduorsum</strong></span> <span class='ocrx_word' id='word_1_93' title='bbox 861 1738 943 1796; x_wconf 77' lang='lat' dir='ltr'><strong>haino</strong></span> <span class='ocrx_word' id='word_1_94' title='bbox 963 1737 1059 1815; x_wconf 87' lang='lat' dir='ltr'><strong>loqui.</strong></span> 
     </span>
     <span class='ocr_line' id='line_1_17' title="bbox 158 1829 1084 1913; baseline 0.008 -24"><span class='ocrx_word' id='word_1_95' title='bbox 158 1831 240 1890; x_wconf 83' lang='lat' dir='ltr'><strong>Dum</strong></span> <span class='ocrx_word' id='word_1_96' title='bbox 260 1831 293 1889; x_wconf 87' lang='lat' dir='ltr'><strong>lu</strong></span> <span class='ocrx_word' id='word_1_97' title='bbox 314 1829 439 1891; x_wconf 77' lang='lat' dir='ltr'><strong>dubiost</strong></span> <span class='ocrx_word' id='word_1_98' title='bbox 460 1834 594 1910; x_wconf 84' lang='lat' dir='ltr'><strong>animus,</strong></span> <span class='ocrx_word' id='word_1_99' title='bbox 614 1832 708 1913; x_wconf 78' lang='lat' dir='ltr'><strong>paulo</strong></span> <span class='ocrx_word' id='word_1_100' title='bbox 728 1842 883 1894; x_wconf 88' lang='lat' dir='ltr'><strong>momento</strong></span> <span class='ocrx_word' id='word_1_101' title='bbox 902 1835 963 1896; x_wconf 76' lang='lat' dir='ltr'><strong>huc</strong></span> <span class='ocrx_word' id='word_1_102' title='bbox 978 1836 1030 1896; x_wconf 91' lang='lat' dir='ltr'><strong>uel</strong></span> <span class='ocrx_word' id='word_1_103' title='bbox 1045 1837 1084 1896; x_wconf 91' lang='lat' dir='ltr'><strong>il-</strong></span> 
     </span>
     <span class='ocr_line' id='line_1_18' title="bbox 530 1929 1083 2011; baseline 0.011 -21"><span class='ocrx_word' id='word_1_104' title='bbox 530 1929 582 1990; x_wconf 86' lang='lat' dir='ltr'><strong>lue</strong></span> <span class='ocrx_word' id='word_1_105' title='bbox 602 1929 776 2011; x_wconf 75' lang='lat' dir='ltr'><strong>inpellitur.</strong></span> <span class='ocrx_word' id='word_1_106' title='bbox 951 1984 962 2004; x_wconf 82' lang='grc'><em>,</em></span> <span class='ocrx_word' id='word_1_107' title='bbox 1032 1944 1083 1999; x_wconf 76' lang='lat'><strong>266</strong></span> 
     </span>
     <span class='ocr_line' id='line_1_19' title="bbox 80 2024 1084 2112; baseline 0.009 -28"><span class='ocrx_word' id='word_1_108' title='bbox 80 2024 132 2089; x_wconf 73' lang='lat' dir='ltr'><strong>lu.</strong></span> <span class='ocrx_word' id='word_1_109' title='bbox 163 2026 238 2102; x_wconf 81' lang='lat' dir='ltr'><strong>Quis</strong></span> <span class='ocrx_word' id='word_1_110' title='bbox 250 2026 301 2085; x_wconf 78' lang='lat' dir='ltr'><strong>hie</strong></span> <span class='ocrx_word' id='word_1_111' title='bbox 311 2024 471 2105; x_wconf 70' lang='lat' dir='ltr'><strong>loquitur?</strong></span> <span class='ocrx_word' id='word_1_112' title='bbox 482 2029 593 2108; x_wconf 84' lang='lat' dir='ltr'><strong>Mysis,</strong></span> <span class='ocrx_word' id='word_1_113' title='bbox 605 2028 701 2090; x_wconf 75' lang='lat' dir='ltr'><strong>stlue.</strong></span> <span class='ocrx_word' id='word_1_114' title='bbox 715 2031 778 2092; x_wconf 82' lang='lat' dir='ltr'><strong>Mu.</strong></span> <span class='ocrx_word' id='word_1_115' title='bbox 792 2031 926 2110; x_wconf 84' lang='lat' dir='ltr'><strong>0salue‚</strong></span> <span class='ocrx_word' id='word_1_116' title='bbox 940 2032 1084 2112; x_wconf 78' lang='lat' dir='ltr'><strong>Pamphi-</strong></span> 
     </span>
     <span class='ocr_line' id='line_1_20' title="bbox 528 2125 1083 2210; baseline 0.011 -24"><span class='ocrx_word' id='word_1_117' title='bbox 528 2125 572 2186; x_wconf 92' lang='lat' dir='ltr'><strong>le.</strong></span> <span class='ocrx_word' id='word_1_118' title='bbox 593 2127 650 2189; x_wconf 77' lang='lat' dir='ltr'><strong>Pu.</strong></span> <span class='ocrx_word' id='word_1_119' title='bbox 674 2129 755 2203; x_wconf 77' lang='lat' dir='ltr'><strong>Quid</strong></span> <span class='ocrx_word' id='word_1_120' title='bbox 773 2131 859 2208; x_wconf 69' lang='lat' dir='ltr'><strong>agit?</strong></span> <span class='ocrx_word' id='word_1_121' title='bbox 879 2130 944 2191; x_wconf 81' lang='lat' dir='ltr'><strong>Mu.</strong></span> <span class='ocrx_word' id='word_1_122' title='bbox 960 2132 1083 2210; x_wconf 72' lang='lat' dir='ltr'><strong>Rogas?</strong></span> 
     </span>
     <span class='ocr_line' id='line_1_21' title="bbox 156 2221 1082 2318; baseline 0.01 -38"><span class='ocrx_word' id='word_1_123' title='bbox 156 2221 293 2282; x_wconf 76' lang='lat' dir='ltr'><strong>Laborat</strong></span> <span class='ocrx_word' id='word_1_124' title='bbox 319 2241 338 2282; x_wconf 91' lang='lat' dir='ltr'><strong>e</strong></span> <span class='ocrx_word' id='word_1_125' title='bbox 360 2222 487 2301; x_wconf 81' lang='lat' dir='ltr'><strong>dolore,</strong></span> <span class='ocrx_word' id='word_1_126' title='bbox 517 2231 609 2304; x_wconf 87' lang='lat' dir='ltr'><strong>atque</strong></span> <span class='ocrx_word' id='word_1_127' title='bbox 631 2244 669 2286; x_wconf 85' lang='lat' dir='ltr'><strong>ex</strong></span> <span class='ocrx_word' id='word_1_128' title='bbox 690 2227 749 2285; x_wconf 85' lang='lat' dir='ltr'><strong>hoe</strong></span> <span class='ocrx_word' id='word_1_129' title='bbox 770 2231 883 2288; x_wconf 75' lang='lat' dir='ltr'><strong>misera</strong></span> <span class='ocrx_word' id='word_1_130' title='bbox 905 2226 1082 2318; x_wconf 62' lang='lat' dir='ltr'><strong>sollieittst</strong></span> 
     </span>
     <span class='ocr_line' id='line_1_22' title="bbox 528 2320 676 2381; baseline -0.007 0"><span class='ocrx_word' id='word_1_131' title='bbox 528 2320 610 2381; x_wconf 83' lang='lat' dir='ltr'><strong>diem</strong></span> <span class='ocrx_word' id='word_1_132' title='bbox 672 2372 676 2380; x_wconf 83' lang='lat'><em>.</em></span> 
     </span>
     <span class='ocr_line' id='line_1_23' title="bbox 156 2414 1081 2498; baseline 0.003 -22"><span class='ocrx_word' id='word_1_133' title='bbox 156 2415 234 2493; x_wconf 78' lang='lat' dir='ltr'><strong>Quia</strong></span> <span class='ocrx_word' id='word_1_134' title='bbox 255 2414 330 2476; x_wconf 80' lang='lat' dir='ltr'><strong>olim</strong></span> <span class='ocrx_word' id='word_1_135' title='bbox 343 2418 377 2477; x_wconf 86' lang='lat' dir='ltr'><strong>in</strong></span> <span class='ocrx_word' id='word_1_136' title='bbox 389 2419 472 2478; x_wconf 86' lang='lat' dir='ltr'><strong>hune</strong></span> <span class='ocrx_word' id='word_1_137' title='bbox 487 2425 559 2479; x_wconf 88' lang='lat' dir='ltr'><strong>sunt</strong></span> <span class='ocrx_word' id='word_1_138' title='bbox 574 2421 760 2479; x_wconf 79' lang='lat' dir='ltr'><strong>constitutae</strong></span> <span class='ocrx_word' id='word_1_139' title='bbox 782 2420 919 2498; x_wconf 77' lang='lat' dir='ltr'><strong>nuptiae.</strong></span> <span class='ocrx_word' id='word_1_140' title='bbox 948 2428 1010 2478; x_wconf 91' lang='lat' dir='ltr'><strong>tum</strong></span> <span class='ocrx_word' id='word_1_141' title='bbox 1029 2440 1081 2479; x_wconf 85' lang='lat' dir='ltr'><strong>au-</strong></span> 
     </span>
     <span class='ocr_line' id='line_1_24' title="bbox 527 2518 1081 2594; baseline 0.007 -17"><span class='ocrx_word' id='word_1_142' title='bbox 527 2525 589 2577; x_wconf 88' lang='lat' dir='ltr'><strong>tem</strong></span> <span class='ocrx_word' id='word_1_143' title='bbox 610 2519 670 2576; x_wconf 81' lang='lat' dir='ltr'><strong>hoa</strong></span> <span class='ocrx_word' id='word_1_144' title='bbox 690 2518 788 2594; x_wconf 87' lang='lat' dir='ltr'><strong>timet,</strong></span> <span class='ocrx_word' id='word_1_145' title='bbox 1028 2527 1081 2582; x_wconf 76' lang='lat'><strong>269</strong></span> 
     </span>
     <span class='ocr_line' id='line_1_25' title="bbox 156 2613 1122 2695; baseline 0.007 -23"><span class='ocrx_word' id='word_1_146' title='bbox 156 2613 202 2672; x_wconf 86' lang='lat' dir='ltr'><strong>Ne</strong></span> <span class='ocrx_word' id='word_1_147' title='bbox 218 2614 343 2674; x_wconf 77' lang='lat' dir='ltr'><strong>deseras</strong></span> <span class='ocrx_word' id='word_1_148' title='bbox 358 2633 402 2674; x_wconf 89' lang='lat' dir='ltr'><strong>se.</strong></span> <span class='ocrx_word' id='word_1_149' title='bbox 425 2615 482 2676; x_wconf 73' lang='grc' dir='ltr'><strong>ΡΛ.</strong></span> <span class='ocrx_word' id='word_1_150' title='bbox 503 2617 601 2693; x_wconf 88' lang='lat' dir='ltr'>Hem,</span> <span class='ocrx_word' id='word_1_151' title='bbox 624 2634 723 2694; x_wconf 84' lang='lat' dir='ltr'><strong>egone</strong></span> <span class='ocrx_word' id='word_1_152' title='bbox 737 2619 816 2676; x_wconf 85' lang='lat' dir='ltr'><strong>tstuc</strong></span> <span class='ocrx_word' id='word_1_153' title='bbox 832 2618 936 2674; x_wconf 84' lang='lat' dir='ltr'><strong>eonart</strong></span> <span class='ocrx_word' id='word_1_154' title='bbox 950 2619 1080 2695; x_wconf 75' lang='lat' dir='ltr'><strong>queam?</strong></span> <span class='ocrx_word' id='word_1_155' title='bbox 1097 2638 1122 2678; x_wconf 79' lang='lat'><strong>3⁵</strong></span> 
     </span>
     <span class='ocr_line' id='line_1_26' title="bbox 154 2706 989 2793; baseline 0.006 -23"><span class='ocrx_word' id='word_1_156' title='bbox 154 2706 243 2789; x_wconf 77' lang='lat' dir='ltr'><strong>Egon</strong></span> <span class='ocrx_word' id='word_1_157' title='bbox 264 2714 395 2792; x_wconf 79' lang='lat' dir='ltr'><strong>propter</strong></span> <span class='ocrx_word' id='word_1_158' title='bbox 416 2731 466 2774; x_wconf 85' lang='lat' dir='ltr'><strong>me</strong></span> <span class='ocrx_word' id='word_1_159' title='bbox 486 2712 573 2773; x_wconf 85' lang='lat' dir='ltr'><strong>illam</strong></span> <span class='ocrx_word' id='word_1_160' title='bbox 596 2712 698 2793; x_wconf 78' lang='lat' dir='ltr'><strong>decipi</strong></span> <span class='ocrx_word' id='word_1_161' title='bbox 719 2714 860 2773; x_wconf 72' lang='lat' dir='ltr'><strong>miserum</strong></span> <span class='ocrx_word' id='word_1_162' title='bbox 882 2715 989 2793; x_wconf 74' lang='lat' dir='ltr'><strong>sinam,</strong></span> 
     </span>
     <span class='ocr_line' id='line_1_27' title="bbox 155 2810 1078 2889; baseline 0.007 -22"><span class='ocrx_word' id='word_1_163' title='bbox 155 2810 240 2884; x_wconf 81' lang='lat' dir='ltr'><strong>Quae</strong></span> <span class='ocrx_word' id='word_1_164' title='bbox 252 2810 327 2869; x_wconf 75' lang='lat' dir='ltr'>mihi</span> <span class='ocrx_word' id='word_1_165' title='bbox 339 2829 425 2869; x_wconf 90' lang='lat' dir='ltr'><strong>suom</strong></span> <span class='ocrx_word' id='word_1_166' title='bbox 441 2812 573 2871; x_wconf 84' lang='lat' dir='ltr'><strong>animum</strong></span> <span class='ocrx_word' id='word_1_167' title='bbox 587 2816 679 2889; x_wconf 87' lang='lat' dir='ltr'><strong>atque</strong></span> <span class='ocrx_word' id='word_1_168' title='bbox 693 2811 814 2870; x_wconf 75' lang='lat' dir='ltr'><strong>omnem</strong></span> <span class='ocrx_word' id='word_1_169' title='bbox 825 2812 919 2871; x_wconf 83' lang='lat' dir='ltr'><strong>uitam</strong></span> <span class='ocrx_word' id='word_1_170' title='bbox 935 2811 1078 2889; x_wconf 79' lang='lat' dir='ltr'><strong>credidit,</strong></span> 
     </span>
     <span class='ocr_line' id='line_1_28' title="bbox 156 2906 1079 2988; baseline 0.002 -23"><span class='ocrx_word' id='word_1_171' title='bbox 156 2906 253 2980; x_wconf 78' lang='lat' dir='ltr'><strong>Quam</strong></span> <span class='ocrx_word' id='word_1_172' title='bbox 268 2925 325 2984; x_wconf 82' lang='lat' dir='ltr'><strong>ego</strong></span> <span class='ocrx_word' id='word_1_173' title='bbox 341 2909 441 2967; x_wconf 76' lang='lat' dir='ltr'><strong>tuimo</strong></span> <span class='ocrx_word' id='word_1_174' title='bbox 458 2909 583 2987; x_wconf 82' lang='lat' dir='ltr'><strong>egregie</strong></span> <span class='ocrx_word' id='word_1_175' title='bbox 599 2910 698 2967; x_wconf 82' lang='lat' dir='ltr'><strong>otram</strong></span> <span class='ocrx_word' id='word_1_176' title='bbox 712 2928 770 2988; x_wconf 84' lang='lat' dir='ltr'><strong>pro</strong></span> <span class='ocrx_word' id='word_1_177' title='bbox 786 2927 881 2968; x_wconf 83' lang='lat' dir='ltr'><strong>uxore</strong></span> <span class='ocrx_word' id='word_1_178' title='bbox 896 2909 1079 2970; x_wconf 76' lang='lat' dir='ltr'><strong>htbuerim?</strong></span> 
     </span>
     <span class='ocr_line' id='line_1_29' title="bbox 154 3005 1057 3085; baseline 0.003 -22"><span class='ocrx_word' id='word_1_179' title='bbox 154 3005 240 3066; x_wconf 88' lang='lat' dir='ltr'><strong>Bene</strong></span> <span class='ocrx_word' id='word_1_180' title='bbox 263 3006 296 3064; x_wconf 67' lang='lat' dir='ltr'><strong>et</strong></span> <span class='ocrx_word' id='word_1_181' title='bbox 316 3005 428 3085; x_wconf 81' lang='lat' dir='ltr'><strong>pudice</strong></span> <span class='ocrx_word' id='word_1_182' title='bbox 450 3009 516 3067; x_wconf 90' lang='lat' dir='ltr'><strong>eius</strong></span> <span class='ocrx_word' id='word_1_183' title='bbox 539 3006 662 3066; x_wconf 81' lang='lat' dir='ltr'><strong>doctum</strong></span> <span class='ocrx_word' id='word_1_184' title='bbox 684 3020 774 3084; x_wconf 84' lang='lat' dir='ltr'><strong>atque</strong></span> <span class='ocrx_word' id='word_1_185' title='bbox 795 3007 938 3066; x_wconf 76' lang='lat' dir='ltr'><strong>eductum</strong></span> <span class='ocrx_word' id='word_1_186' title='bbox 962 3011 1057 3067; x_wconf 84' lang='lat' dir='ltr'><strong>sinam</strong></span> 
     </span>
     <span class='ocr_line' id='line_1_30' title="bbox 155 3102 1118 3183; baseline 0.006 -22"><span class='ocrx_word' id='word_1_187' title='bbox 155 3102 303 3162; x_wconf 67' lang='lat' dir='ltr'><strong>(lotatum</strong></span> <span class='ocrx_word' id='word_1_188' title='bbox 325 3110 462 3181; x_wconf 81' lang='lat' dir='ltr'><strong>egestate</strong></span> <span class='ocrx_word' id='word_1_189' title='bbox 483 3106 639 3183; x_wconf 71' lang='lat' dir='ltr'><strong>ingenium</strong></span> <span class='ocrx_word' id='word_1_190' title='bbox 655 3105 860 3164; x_wconf 76' lang='lat' dir='ltr'><strong>inmuttrier?</strong></span> <span class='ocrx_word' id='word_1_191' title='bbox 1025 3113 1076 3167; x_wconf 78' lang='lat'><strong>275</strong></span> <span class='ocrx_word' id='word_1_192' title='bbox 1094 3116 1118 3156; x_wconf 70' lang='lat'><strong>⁴⁰</strong></span> 
     </span>
     <span class='ocr_line' id='line_1_31' title="bbox 152 3197 1076 3279; baseline 0.003 -23"><span class='ocrx_word' id='word_1_193' title='bbox 152 3197 222 3257; x_wconf 91' lang='lat' dir='ltr'><strong>Non</strong></span> <span class='ocrx_word' id='word_1_194' title='bbox 235 3199 355 3259; x_wconf 79' lang='lat' dir='ltr'><strong>ftoiam.</strong></span> <span class='ocrx_word' id='word_1_195' title='bbox 377 3201 442 3261; x_wconf 77' lang='lat' dir='ltr'><strong>Ma.</strong></span> <span class='ocrx_word' id='word_1_196' title='bbox 456 3200 548 3260; x_wconf 85' lang='lat' dir='ltr'><strong>Haud</strong></span> <span class='ocrx_word' id='word_1_197' title='bbox 562 3220 683 3279; x_wconf 84' lang='lat' dir='ltr'><strong>uerear,</strong></span> <span class='ocrx_word' id='word_1_198' title='bbox 700 3203 726 3261; x_wconf 85' lang='lat' dir='ltr'><strong>si</strong></span> <span class='ocrx_word' id='word_1_199' title='bbox 741 3203 772 3260; x_wconf 86' lang='lat'>1&#39;11</span> <span class='ocrx_word' id='word_1_200' title='bbox 787 3210 819 3262; x_wconf 86' lang='lat' dir='ltr'><strong>te</strong></span> <span class='ocrx_word' id='word_1_201' title='bbox 835 3204 876 3260; x_wconf 87' lang='lat' dir='ltr'><strong>sit</strong></span> <span class='ocrx_word' id='word_1_202' title='bbox 889 3198 955 3260; x_wconf 77' lang='lat' dir='ltr'><strong>solo</strong></span> <span class='ocrx_word' id='word_1_203' title='bbox 971 3202 1076 3260; x_wconf 87' lang='lat' dir='ltr'><strong>situm:</strong></span> 
     </span>
     <span class='ocr_line' id='line_1_32' title="bbox 154 3283 1075 3378; baseline 0.001 -22"><span class='ocrx_word' id='word_1_204' title='bbox 154 3296 218 3357; x_wconf 85' lang='lat' dir='ltr'><strong>Sed</strong></span> <span class='ocrx_word' id='word_1_205' title='bbox 244 3305 278 3358; x_wconf 90' lang='lat' dir='ltr'><strong>ut</strong></span> <span class='ocrx_word' id='word_1_206' title='bbox 305 3302 366 3358; x_wconf 85' lang='lat' dir='ltr'><strong>utm</strong></span> <span class='ocrx_word' id='word_1_207' title='bbox 394 3319 488 3378; x_wconf 80' lang='lat' dir='ltr'><strong>queas</strong></span> <span class='ocrx_word' id='word_1_208' title='bbox 514 3300 610 3360; x_wconf 87' lang='lat' dir='ltr'><strong>ferre.</strong></span> <span class='ocrx_word' id='word_1_209' title='bbox 644 3299 699 3360; x_wconf 73' lang='lat' dir='ltr'><strong>Pu.</strong></span> <span class='ocrx_word' id='word_1_210' title='bbox 724 3283 832 3359; x_wconf 59' lang='lat' dir='ltr'><strong>Adeon</strong></span> <span class='ocrx_word' id='word_1_211' title='bbox 860 3317 909 3358; x_wconf 89' lang='lat' dir='ltr'><strong>me</strong></span> <span class='ocrx_word' id='word_1_212' title='bbox 936 3301 1075 3376; x_wconf 74' lang='lat' dir='ltr'><strong>ignauum</strong></span> 
     </span>
     <span class='ocr_line' id='line_1_33' title="bbox 524 3404 623 3476; baseline 0.02 -20"><span class='ocrx_word' id='word_1_213' title='bbox 524 3404 623 3476; x_wconf 82' lang='lat' dir='ltr'><strong>putas.</strong></span> 
     </span>
    </p>
   </div>
   <div class='ocr_carea' id='block_1_3' title="bbox 0 0 1174 3840">
    <p class='ocr_par' dir='ltr' id='par_1_3' title="bbox 0 0 1174 3840">
     <span class='ocr_line' id='line_1_34' title="bbox 0 0 1174 3840; baseline 0 1"><span class='ocrx_word' id='word_1_214' title='bbox 0 0 1174 3840; x_wconf 95' lang='lat' dir='ltr'><strong> </strong></span> 
     </span>
    </p>
   </div>
  </div>
 </body>
</html>
