2340 3840
61 164 142 234 236,
218 202 222 210 ι

58 384 64 388 -
83 354 116 407 V.
135 353 187 404 465
203 355 237 405 ad
256 354 308 406 408
324 352 449 405 trochaici
467 355 590 404 octonarii

98 465 109 475 -
144 436 196 488 409
214 445 239 488 et
255 436 307 487 470
325 435 446 486 trochaici
463 436 603 500 septenarii

96 547 109 556 -
142 519 193 568 471
212 520 245 569 ad
260 518 312 570 478
329 519 433 568 iambici
451 518 574 568 octonarii

96 627 110 636 -
144 602 197 653 479
215 611 239 651 51
256 601 310 652 480
326 601 448 652 trochaici
466 602 589 651 octonarii

96 713 109 724 -
143 684 193 735 481
212 686 245 734 ad
261 684 313 736 484
330 684 450 735 trochaici
468 684 604 738 centenarii

97 796 110 806 ·
144 767 196 819 485
213 766 327 818 clausula

98 878 109 888 ·
144 849 197 901 480
215 849 339 899 iambicus
357 849 500 898 octonarius

98 961 110 970 ·
143 932 196 983 487
212 933 246 982 ad
262 929 314 986 489
330 930 454 981 trochaici
470 933 608 996 septenarii

98 1047 111 1059 ·
145 1017 196 1069 490
215 1015 339 1066 iambicus
355 1015 472 1066 1511511111

97 1125 112 1137 -
146 1098 197 1150 491
216 1090 340 1149 iambicus
358 1088 525 1164 septenarius¹

99 1211 110 1222 -
143 1182 195 1232 492
213 1183 337 1233 iambicus
353 1183 496 1233 octonarius

100 1294 110 1304 -
144 1263 196 1315 498
214 1265 248 1314 ad
263 1263 313 1316 501
332 1265 456 1315 trochaici
472 1266 613 1330 septenarii
666 1296 668 1305 ι

98 1379 111 1390 -
146 1349 306 1402 coactata
326 1351 430 1401 iambici
450 1350 573 1400 octonarii
615 1349 617 1354 ’

99 1461 111 1472 ·
146 1435 198 1487 504
216 1437 249 1486 ad
268 1437 319 1488 506
337 1437 459 1487 trochaici
478 1437 614 1501 septenarii
708 1473 716 1476 -

98 1549 111 1559 -
145 1518 196 1570 507
215 1519 249 1568 ad
265 1518 316 1568 712
334 1519 435 1569 iambici
453 1520 556 1574 senarii,

99 1632 111 1672 .·
146 1602 197 1654 718
215 1602 249 1650 a'd
267 1603 317 1651 727
336 1602 440 1652 iambici
459 1602 581 1654 octonarii

98 1716 112 1726 -
146 1685 206 1736 728.
226 1683 286 1736 780.
307 1684 355 1736 781
374 1685 495 1736 trochaici
512 1687 637 1749 octonarii

98 1799 112 1808 -
146 1767 198 1818 729
215 1768 361 1820 trochaicus
378 1769 485 1819 dimeter
504 1766 667 1819 catalecticus

99 1880 113 1891 ·
147 1850 198 1902 782
215 1851 360 1901 trochaicus
378 1851 537 1916 septenarius

99 1957 113 1994 e
148 1932 198 1986 783
218 1942 242 1983 et
259 1934 310 1986 784
327 1935 430 1984 iambici
448 1935 569 1984 octonarii

99 2046 113 2057 -
147 2003 198 2067 785
216 2018 250 2067 ad
266 2015 317 2068 788
333 2017 455 2070 trochaici
472 2019 594 2069 octonarii
680 2045 682 2048 >

100 2127 114 2137 ·
149 2098 199 2149 789
217 2101 251 2149 ad
265 2101 313 2151 741
333 2100 454 2150 trochaici
469 2102 607 2165 septenarii

100 2209 114 2218 -
149 2179 200 2229 742
218 2181 252 2229 ad
270 2181 321 2230 747
339 2182 440 2231 iambici
460 2182 584 2230 octonarii

102 2289 113 2301 ·
149 2259 200 2311 748
218 2263 252 2312 ad
270 2261 321 2312 794
341 2263 444 2312 iambici
461 2263 600 2328 septenarii

101 2372 114 2383 ·
150 2344 200 2394 795
221 2346 254 2394 ad
269 2345 320 2397 819
340 2345 444 2395 iambici
463 2344 586 2394 octonarii

104 2454 115 2464 -
150 2425 203 2477 820
220 2428 254 2476 ad
274 2426 324 2478 827
343 2428 445 2477 iambici
462 2427 601 2492 septenarii

103 2534 116 2545 ·
152 2507 203 2558 829
222 2510 254 2558 ad
272 2509 324 2560 840
341 2511 443 2560 iambici
461 2510 584 2560 octonarii
649 2574 652 2580 Α

103 2618 115 2628 -
152 2589 201 2640 841
223 2591 256 2640 ad
273 2589 324 2642 888
342 2592 463 2641 trochaici
482 2591 620 2658 septenarii

103 2699 117 2709 -
151 2672 203 2724 884
222 2674 255 2722 ad
275 2672 342 2724 1010
359 2674 462 2724 iambici
480 2673 574 2722 senarii

104 2781 118 2792 ·
155 2753 220 2805 1011
240 2756 273 2804 ad
291 2754 357 2807 1055
376 2757 495 2806 trochaici
514 2752 657 2822 septenarii.

470 2973 680 2987 numu-an«
