2340 3840
14 91 36 139 Η
142 123 193 174 vc
209 120 326 175 15-32
398 108 585 170 ΗΕΑνΤοΝ
607 107 896 171 iliioitvissiiios.
1085 113 1147 176 173

10 385 31 422 ls'

227 301 346 377 Victus,
368 297 511 373 restituis,
535 314 595 374 qne
615 296 647 354 in
671 301 787 354 tectum
809 295 843 354 te
859 302 1015 376 receptes.
1039 296 1092 359 Cn.
1109 298 1147 357 lli

597 395 683 453 mihi.

137 501 198 561 Gn.
230 499 333 558 Sitins
353 500 401 556 ert
419 514 508 574 quem
525 500 556 553 te
575 496 643 572 ipso
664 490 782 551 herede
802 493 879 553 haec
894 493 1055 574 pissidere
1069 496 1146 556 Bic-

600 589 733 651 chidem.
1092 605 1143 659 969

138 696 192 757 Sr.
225 695 377 775 Disperii:
402 690 554 753 scelestus
574 697 702 771 qnuutur
723 692 830 752 turbes
852 695 973 753 concini
996 696 1144 754 insciens!

138 796 193 856 cr,
223 779 329 854 Ilmeri
344 792 443 872 cupid.
466 790 524 853 cn.
537 789 628 848 Prius
642 809 755 868 quaeso
770 789 865 870 disce,
881 793 955 871 qnid
970 795 1011 852 sit
1025 797 1141 854 uiuere.

185 919 188 924 ·
226 877 287 951 phi
303 891 394 967 scies,
413 890 440 948 si
456 886 634 969 displicebit
647 892 721 961 uite,
743 896 808 950 tum
823 892 902 950 istoc
920 893 1025 955 sititor.

138 990 192 1052 Sr.
223 974 297 1064 lire,
308 985 451 1046 licetne?
465 986 523 1047 Gn.
536 985 687 1063 Liquere.
705 985 758 1046 Su.
770 989 811 1047 At
823 994 899 1050 tuto.
918 990 974 1049 Gn.
988 989 1139 1069 Liquere.
1155 1009 1168 1048 2

599 1083 650 1142 Su.
669 1084 755 1159 Quae
769 1085 858 1144 istest
873 1087 1008 1163 primitas

224 1184 349 1260 Quaene
364 1182 536 1258 mentitu,
553 1178 635 1259 quod
650 1182 777 1259 peccaui
793 1181 860 1257 ego,
876 1179 909 1239 id
925 1184 1033 1241 obesse
1048 1183 1141 1241 hnic?

596 1279 652 1338 Cn.
668 1263 767 1340 ilicet.

222 1381 271 1442 Ne
285 1386 318 1442 te
335 1378 486 1441 admisce:
508 1379 599 1439 nemo
615 1384 746 1455 accuset,
763 1377 852 1457 Syre,
866 1385 915 1438 tet
936 1398 994 1440 nec
1009 1386 1043 1439 tu
1058 1385 1140 1440 urim

593 1477 650 1536 tibi
1087 1489 1139 1543 iiis>

221 1577 287 1638 Nec
303 1578 498 1657 precatorem
513 1576 642 1654 peruris.
664 1575 717 1636 Su.
730 1575 812 1652 Quid
829 1577 917 1654 egis?
940 1579 997 1638 Cn.
1010 1576 1062 1636 Nil
1074 1596 1139 1637 sus-

594 1675 705 1733 censeo

220 1770 286 1832 Nec
307 1772 365 1831 tibi
385 1788 446 1831 nec
469 1771 542 1830 tibi:
570 1787 628 1829 nec
649 1788 704 1829 uos
727 1773 775 1828 est
796 1770 925 1848 aequom
949 1770 1030 1849 quod
1058 1773 1137 1831 inciti

593 1867 677 1926 mihi.

68 2000 73 2033 ε
136 1969 190 2030 Su.
220 1948 328 2026 iniit?
356 1965 434 2043 nuh,
462 1967 588 2042 regisse
609 1962 725 2024 uellem
767 1964 820 2024 (ln.
844 1963 946 2040 Quid?
975 1965 1027 2029 Su.
1053 1965 1135 2026 unde
1166 1987 1170 2010 ³

590 2066 732 2140 peterem
748 2061 824 2121 mihi
840 2062 955 2122 cibum:

218 2144 264 2220 lta
278 2178 335 2219 nor
351 2155 505 2218 ulieniuit.
527 2159 585 2218 tibi
600 2159 660 2218 inm
677 2176 745 2218 esse
761 2157 799 2218 id
814 2177 952 2220 sororem
972 2158 1135 2239 intellege.

10 2232 14 2284 3
134 2259 185 2318 ilc.
216 2255 326 2316 Adein
339 2274 407 2316 rem
421 2254 563 2333 rediisse,
586 2259 620 2315 rit
639 2252 792 2334 periclum
814 2257 906 2314 etiam
926 2260 943 2314 i
962 2255 1043 2316 inme
1060 2257 1135 2315 milri

589 2356 646 2428 rit,
667 2352 760 2430 Syre!
1084 2361 1136 2416 980

133 2450 186 2512 Sr.
217 2448 315 2509 Modo
335 2447 429 2509 liceat
448 2450 572 2527 uiuere,
601 2449 649 2508 est
669 2466 740 2528 rpes
786 2447 840 2509 ilc.
862 2447 970 2523 Quae?
997 2447 1051 2509 Sr.
1077 2467 1133 2507 nos

147 2539 150 2545 ’
590 2546 760 2606 esuriturdr
780 2546 862 2607 rutis.

134 2644 185 2704 cn.
215 2642 336 2704 inrides
355 2644 389 2703 in
408 2662 444 2704 re
464 2646 548 2703 tintu
568 2661 670 2722 neque
689 2661 737 2702 me
753 2646 914 2722 quicquum
932 2639 1060 2701 consilio
1080 2641 1134 2701 id-

588 2743 699 2802 iuuari

10 2912 16 2925 ¹
132 2839 185 2902 Su.
213 2837 307 2900 Immo
324 2839 357 2902 et
377 2841 423 2900 liri
442 2859 523 2900 nunc
542 2846 655 2899 sumet
673 2841 771 2918 risque
790 2836 823 2897 id
843 2839 893 2915 egi
907 2836 1032 2915 dirdum,
1061 2836 1132 2897 dum
1162 2858 1165 2884 ι

585 2936 724 3016 loquitirr
739 2940 846 3015 puter:

216 3032 258 3094 lit
278 3037 425 3113 quintum
446 3051 503 3111 ege
518 3031 707 3110 intellegere
722 3050 862 3112 possum,
885 3033 937 3093 Gn.
954 3032 1056 3109 Quid?
1079 3034 1131 3095 Su.

584 3150 646 3191 non
663 3131 763 3190 uberit
775 3128 907 3208 lingius.

130 3234 184 3294 Gn.
214 3231 296 3311 Quid
309 3231 342 3293 id
355 3233 453 3311 ergo?
487 3231 539 3292 Sr.
554 3231 605 3289 Sic
626 3236 689 3289 est:
711 3231 774 3288 nin
791 3246 860 3288 esre
874 3229 984 3287 horum
999 3233 1031 3287 te
1050 3228 1131 3288 irbi-

588 3337 664 3388 trur.
687 3327 740 3389 Cn.
758 3326 818 3401 Qui
832 3327 923 3404 istrie,
938 3324 1040 3404 Syre?
1079 3336 1130 3391 985
