2340 3840
133 192 194 254 100
492 189 778 254 EVNVGHVS.
956 197 1143 253 {vuol-39

217 361 278 420 Hie
299 363 348 422 est
369 364 469 424 uietus
492 364 580 423 uetus
602 362 786 421 ueteruosn'as
808 382 913 442 senex,

217 459 330 520 Colore
349 458 523 522 mustelino.
566 460 623 518 Pu.
644 458 740 535 Hem,
763 479 840 538 quae
858 462 934 522 haec
947 469 997 524 est
1013 463 1142 526 tubulas

215 555 259 617 Eo
273 555 396 635 rediges
409 576 474 634 me,
491 563 525 616 ut
542 555 615 634 quid
634 557 750 634 egerim
766 565 888 635 egomet
902 562 1060 622 nesciam?
1089 569 1141 624 690

214 656 282 714 Eho
299 661 348 729 tu,
366 655 447 714 emin
463 674 521 727 euo
535 657 590 715 te?
612 655 668 715 Do.
681 655 800 714 Emtsti.
824 657 878 716 Pu.
894 658 968 719 lube
980 661 1022 720 mi
1038 659 1139 720 ddnuo

214 751 423 834 Respondeat.
459 754 516 817 Pu.
537 753 630 830 Roga.
670 752 726 810 Pu.
748 752 869 813 Venisti
888 754 982 815 hodie
1000 748 1139 818 ad'nds?

585 855 687 928 negat.

213 949 256 1008 At
276 948 332 1008 ille
353 946 435 1008 alter
456 934 660 1007 uenit'tnnos
682 950 771 1007 natus
792 947 941 1008 sedecim:

215 1047 312 1122 Quem
333 1046 437 1105 sdcum
458 1043 584 1104 adduxit
605 1043 766 1105 Ptrmeuo.
815 1045 872 1106 Pu.
896 1048 962 1126 Age
984 1046 1056 1108 dum
1077 1050 1136 1109 hoo

585 1144 627 1201 mi
649 1143 685 1201 e'x
709 1141 760 1201 edi

211 1242 364 1302 Primum=
399 1245 488 1302 istam
516 1260 605 1319 quam
632 1161 729 1299 hablds
757 1237 840 1299 a'mde
866 1241 962 1301 habes
988 1244 1133 1304 uestem?

583 1337 690 1396 taces?
1082 1348 1134 1403 695

210 1437 385 1497 Monstrum
424 1437 573 1512 hominis,
615 1454 676 1493 nou
714 1434 889 1495 dicturu’s?
944 1437 1002 1496 Do.
1038 1438 1133 1499 Venit

582 1533 729 1593 Chae'rea.

83 1657 108 1698 ³0
125 1633 182 1693 Pu.
207 1632 383 1692 Fraterno?
420 1631 478 1694 Do.
499 1631 552 1690 lta.
588 1630 646 1688 Pu.
670 1627 820 1705 Quando?
848 1631 904 1690 Do.
925 1631 1038 1692 Hddie.
1073 1634 1129 1694 Pa.

582 1729 678 1804 Quam
701 1724 837 1787 dadam?
860 1728 916 1787 Do.
937 1728 1044 1789 Modo.

124 1829 182 1888 Pu.
209 1829 361 1904 Quietum?
403 1828 459 1889 Do.
481 1827 558 1888 Cum
576 1827 778 1886 Parmenone.
821 1826 879 1887 Pu.
900 1827 1038 1887 Norasne
1060 1829 1130 1888 edm

580 1924 687 2005 prius?

124 2025 181 2084 Do.
207 2024 292 2083 Non:
313 2024 372 2082 neo
394 2025 462 2102 quis
484 2029 567 2084 esset
589 2025 731 2102 umquam
752 2022 908 2083 audieram
930 2023 1038 2085 dtoier.

123 2121 181 2180 Pu.
210 2118 300 2181 Vnde
322 2120 417 2196 igitur
442 2121 572 2180 fratrem
592 2122 693 2179 mdum
721 2139 789 2180 ease
811 2116 932 2181 scibas?
975 2122 1033 2182 Do.
1053 2123 1128 2182 Ptr-

578 2234 668 2276 meno
1077 2226 1128 2282 ⁷00

168 2308 169 2312 ’
207 2315 336 2374 Diodbat
352 2333 421 2374 eum
443 2333 520 2375 esse.
557 2316 584 2374 ts
605 2315 680 2374 mthi
702 2314 790 2375 dedit
809 2316 897 2376 hane.
933 2318 990 2378 Pu.
1009 2302 1126 2378 Occidi.

122 2414 178 2474 Do.
207 2413 310 2473 Meam
335 2414 403 2494 ipse
423 2412 539 2473 induit:
571 2418 642 2494 port
668 2414 729 2473 utua
749 2415 838 2474 ambo
866 2415 1011 2475 abierunt
1032 2418 1125 2476 foras.

80 2531 105 2574 as
122 2511 177 2571 Pu.
206 2512 268 2572 Itm
296 2514 370 2573 satis
398 2512 500 2573 credis
526 2513 659 2572 sobriam
681 2530 750 2572 ease
771 2530 820 2572 me
843 2513 875 2573 et
901 2511 947 2572 nil
967 2514 1128 2573 mentittru

576 2610 656 2671 tibi?

207 2709 268 2766 Itm
282 2710 356 2767 satis
373 2715 521 2771 certumst
535 2710 686 2788 udrginem
700 2709 838 2768 uitittam
853 2709 944 2770 esse?
979 2709 1037 2769 ΡΗ.
1061 2711 1128 2788 Age

574 2825 672 2885 nuno,
693 2805 795 2883 belua,

206 2900 317 2962 credis
344 2902 415 2962 huic
444 2904 526 2980 quod
553 2904 658 2964 dteat‘!
706 2905 761 2964 Pr.
791 2902 873 2980 Quid
898 2904 951 2964 istl
979 2903 1127 2964 erddam't

575 3019 626 3061 res
647 3002 715 3081 ipsa
737 3000 862 3061 indicat.
1073 3008 1126 3063 705

122 3096 178 3156 Pu.
206 3095 351 3156 concede
378 3098 458 3180 istuc
479 3097 650 3177 paululum:
680 3096 794 3157 audin?
825 3099 917 3158 etiam
947 3095 1122 3177 paulnldm:

577 3203 624 3257 sat
644 3207 702 3261 est.

86 3295 97 3309 ⁴
206 3292 261 3350 Dtc
283 3291 355 3349 dum
376 3292 436 3350 hoe
457 3311 594 3370 rursum,
617 3292 757 3355 Chadrea
777 3300 860 3353 tuam
881 3294 1001 3353 uestem
1021 3291 1125 3353 detra-

574 3391 618 3451 xo
638 3389 717 3450 tibi?
