2340 3840
404 565 780 643 PROLOGVS.

172 755 339 836 Postquim
354 754 446 835 poeta
459 754 551 814 uetus
563 755 686 834 poetam
705 759 768 816 neu
780 759 887 836 potest
964 790 966 794 ·

170 855 347 916 Retrthere
363 857 401 914 ab
417 851 520 915 studio
537 861 569 914 et
584 852 749 914 trensdere
763 854 919 915 hominem
933 855 966 914 in
983 855 1089 931 etium,

170 950 348 1014 Muledictis
366 949 529 1013 deterrere
545 971 586 1012 ne
602 953 715 1013 scribit
729 960 833 1033 parat:

170 1051 232 1128 Qui
246 1052 291 1111 ita
306 1048 439 1129 dictitat,
458 1068 532 1129 quas
547 1049 678 1109 entehac
694 1047 771 1110 iecit
785 1049 915 1128 fibulas,

171 1150 274 1210 Tenui
290 1151 359 1210 esse
375 1150 516 1209 orutiene
532 1154 566 1207 et
580 1149 733 1228 scripture
747 1146 828 1208 leui:
1072 1162 1089 1212 5

170 1247 248 1322 Quia
261 1247 410 1326 nimquam
424 1247 564 1305 insonum
579 1246 705 1326 scripsit
720 1242 984 1306 adulescentulum

168 1346 300 1405 Ceruim
313 1344 424 1405 uidere
439 1345 551 1424 frigere
568 1351 601 1404 et
615 1348 728 1405 secturi
743 1363 834 1405 canes

165 1445 208 1504 nt
222 1448 289 1504 edm
303 1443 439 1524 plorare,
460 1448 549 1503 ordre
564 1451 599 1503 ut
616 1445 779 1504 subueniet
793 1445 862 1505 sibi.

166 1540 297 1618 Quodsi
312 1540 525 1621 intellegeret,
547 1544 638 1622 quem
655 1542 744 1602 stetit
760 1541 831 1602 olim
847 1527 936 1622 noua,

164 1638 289 1699 Acteris
305 1658 400 1720 opera
415 1640 509 1718 migis
525 1640 650 1699 stetisse
667 1643 756 1718 quem
771 1659 835 1718 sue,
1051 1651 1087 1703 10

163 1735 270 1797 Minus
284 1735 381 1796 mirlto
397 1735 553 1813 audacter,
574 1739 665 1814 quim
678 1756 759 1796 nunc
773 1734 882 1814 laedit,
903 1733 1054 1798 laederet.

163 1833 251 1894 Nunc
267 1834 362 1914 siquis
380 1839 438 1912 est,
461 1836 513 1914 qui
528 1834 588 1894 hoc
605 1833 685 1894 dicut
700 1841 752 1894 sut
768 1835 812 1894 sio
828 1835 959 1913 cegitet:

163 1929 275 1992 ‘Vetus
291 1935 318 1992 si
331 1934 425 2012 poeta
440 1935 503 1992 nen
514 1930 693 1993 lacessisset
707 1933 805 2012 prior,

161 2027 285 2089 Nullum
301 2031 443 2090 inuenire
457 2030 618 2111 prelogum
634 2033 740 2112 posset
755 2034 879 2092 nonos?

163 2125 275 2203 [Quem
290 2125 423 2207 diceret,
443 2129 504 2188 nisi
518 2129 649 2190 haberet
664 2131 714 2190 cui
730 2127 808 2189 mule
823 2128 971 2208 diceretzl
1026 2185 1033 2197 ,
1050 2140 1084 2192 15

161 2224 190 2283 Is
206 2225 264 2284 ssoi
278 2243 462 2306 responsum
477 2226 536 2287 hoc
552 2227 674 2306 hebeat,
695 2230 728 2286 in
743 2226 844 2287 medio
859 2228 999 2287 omnibus

162 2320 298 2382 Palmam
314 2324 383 2384 esse
397 2324 540 2404 positam,
563 2325 615 2402 qui
630 2328 728 2383 irtcm
743 2329 877 2383 tractant
891 2325 1047 2386 mdsicum.

161 2417 221 2478 Ille
236 2418 275 2480 ed
290 2420 403 2481 famem
419 2422 501 2482 hunc
516 2422 553 2481 ab
570 2419 673 2481 stridio
689 2419 808 2480 studuit
821 2423 959 2480 reicere:

54 2571 58 2578 ,
161 2517 222 2578 Hic
237 2518 429 2599 respondere
445 2517 555 2598 uehit,
578 2538 640 2578 non
655 2517 819 2579 lacessere.

160 2615 339 2678 Benedictis
357 2620 384 2678 si
399 2621 560 2695 certesset,
583 2617 720 2678 audisset
733 2620 833 2678 bene:
1048 2628 1085 2684 20

161 2714 252 2791 Quod
268 2717 304 2776 ab
320 2713 376 2775 illo
393 2714 566 2794 adlatumst,
589 2714 622 2774 id
636 2716 695 2775 sibi
712 2715 858 2777 rellatirm
872 2722 973 2797 putet.

160 2813 206 2873 De
220 2811 276 2874 illo
290 2815 350 2874 iam
363 2814 458 2873 finem
474 2814 585 2873 ficiam
600 2811 728 2874 dicundi
740 2814 826 2892 mihi,

159 2908 314 2971 Peccendi
331 2929 424 2990 quom
438 2913 505 2991 ipse
520 2910 559 2970 de
574 2930 609 2971 se
622 2912 716 2972 finem
730 2913 792 2970 nen
806 2910 904 2970 facit?

158 3009 246 3069 Nunc
263 3008 337 3088 quid
355 3008 449 3070 uelim
466 3011 598 3071 animum
614 3009 774 3070 attendite.
802 3006 934 3088 adporto
953 3030 1064 3073 nouum

159 3106 443 3188 Epidicazomenon
458 3112 546 3186 quim
561 3114 674 3168 uocant
690 3103 880 3168 comoediam
1047 3121 1083 3176 25

158 3205 283 3282 Graeci,
304 3206 408 3266 Latini
423 3205 641 3267 Phermlonem
655 3205 829 3264 neminant:

159 3303 236 3378 Quis
252 3304 366 3384 primas
381 3306 480 3385 partis
497 3308 551 3385 qui
566 3311 647 3384 aget,
669 3305 696 3363 is
711 3303 773 3363 erit
787 3302 933 3366 Phermiu
