2340 3840
95 182 180 247 no
532 182 711 251 monuo.
965 186 1119 246 iun-tu
1160 144 1162 151 ’

92 368 176 428 ullu.
204 368 391 427 Praesertim
405 373 440 427 ut
454 385 535 426 nunu
547 372 618 425 sunt
630 369 751 426 mores:
772 365 849 425 adeo
861 366 913 425 res
927 363 1030 427 redit:
1086 377 1117 431 55
1158 426 1162 431 .

203 464 305 544 Siquis
322 464 396 543 quid
412 461 527 541 reddit,
546 468 654 541 mtgnu
668 461 839 524 habendust
853 464 965 542 guttis.
1073 485 1077 492 ·

203 564 266 623 Sed
278 561 352 642 quid
362 570 397 624 tu
409 583 443 623 es
454 563 577 622 tristis?
591 547 786 640 Gnllgonel
797 563 970 640 nescioquo
982 565 1015 620 in
1026 567 1119 640 metu,

202 662 323 737 Quanto
335 664 366 720 in
377 658 496 742 periclo
506 663 607 720 simus.
620 660 677 719 Du.
688 657 769 734 Quid
779 660 858 718 istuc
871 658 942 718 tut?
954 659 1014 721 Gn.
1023 658 1119 736 Scies,

202 758 298 818 Modo
314 761 349 818 uit
362 767 468 818 tacere
482 759 591 839 possis.
613 758 672 818 lin.
686 758 745 816 Abi
761 758 813 835 sis,
832 757 982 829 insciens:

201 857 317 931 Quoius
332 857 367 915 tui
380 854 474 916 fidem
487 857 519 915 in
534 855 665 936 pecnnia
677 855 886 935 perspexeris,
1088 863 1121 916 60

201 952 322 1012 Verere
336 953 431 1011 uerbo
448 955 476 1012 ei
495 951 648 1012 eredere?
665 952 718 1011 ubi
733 949 808 1031 quid
821 950 896 1010 mihi
910 948 1026 1010 luerint

202 1049 249 1109 Te
264 1049 399 1110 fullero?
418 1052 474 1111 Gn.
487 1052 570 1128 Ergo
583 1049 727 1110 ausculto.
751 1049 809 1108 Du.
823 1049 911 1108 Hune
923 1064 1053 1127 opernm
1064 1049 1121 1107 tibi

574 1145 652 1207 dico.

168 1291 175 1304 .
200 1245 289 1304 Senis
301 1247 410 1322 nostri,
425 1247 520 1323 Daue,
535 1245 664 1305 luttrem
679 1244 827 1303 maiore'm
839 1242 1008 1304 chremem

199 1342 329 1402 Nostin?
348 1342 405 1402 Du.
426 1342 577 1421 Quidni?
602 1344 659 1403 Gn.
671 1340 775 1420 Quid?
796 1342 862 1400 eius
879 1346 1006 1418 gnatum
1020 1338 1123 1399 Phno-

570 1437 691 1498 ‹lrinm‘t

167 1583 170 1594 .
200 1535 277 1595 Tam
293 1539 381 1615 quim
397 1543 439 1596 te.
462 1538 518 1598 Gn.
535 1538 650 1597 Euenit
664 1537 789 1596 senibus
803 1535 952 1594 ambobus
965 1533 1061 1594 simul
1088 1544 1123 1598 65

198 1635 261 1693 lter
272 1630 320 1693 illi
335 1636 367 1693 in
381 1635 530 1696 Lemnum
545 1643 579 1696 ut
594 1639 688 1713 esset,
703 1639 811 1694 nostro
824 1633 858 1692 in
869 1630 1015 1695 Cilicium

199 1732 248 1793 Ad
262 1732 416 1813 hospitem
431 1735 601 1814 antiquom:
624 1738 650 1793 is
665 1751 771 1792 senem
783 1750 841 1811 per
857 1729 1009 1811 epistulas

198 1828 343 1909 Pellenen,
363 1831 454 1891 modo
470 1852 532 1892 non
545 1832 657 1893 montis
672 1832 738 1890 auri
752 1829 916 1910 pollicens.

166 1977 171 1986 .
201 1929 279 2006 Quoi
294 1932 379 1988 tenta
395 1936 462 1988 erut
476 1948 528 1988 res
543 1932 575 1989 et
590 1948 683 2009 super
698 1929 788 1988 erat?
808 1928 866 1987 Gn.
879 1927 1031 1988 Desinauz

199 2025 250 2084 Sie
265 2027 313 2085 est
328 2027 492 2103 ingenium.
512 2029 569 2091 Du.
581 2029 640 2108 oh,
658 2030 763 2108 regem
774 2046 823 2087 me
835 2045 904 2087 esse
918 2030 1071 2108 oportuit.
1087 2039 1121 2094 to

166 2170 172 2182 .
196 2123 357 2181 Abeuntes
369 2124 456 2181 ambo
468 2124 540 2182 hinc
554 2127 620 2185 toim
636 2145 727 2186 senes
740 2143 790 2186 me
804 2124 882 2184 filiis

198 2216 388 2296 Relinquunt
403 2220 488 2296 quusi
502 2224 687 2298 magistrum.
709 2222 768 2282 Du.
781 2221 807 2280 0
820 2222 911 2300 (leta,
924 2227 1119 2304 prouinciam

199 2317 317 2395 Cepisti
332 2314 447 2376 duram.
472 2319 527 2378 Gn.
540 2321 586 2378 Mi
601 2321 673 2380 usu·
690 2322 787 2399 uenit,
804 2320 864 2381 hoc
879 2323 963 2382 scio:

197 2413 328 2473 Memini
342 2412 476 2494 relinqui
494 2419 544 2476 me'
562 2417 620 2477 deo
639 2420 719 2479 irato
735 2437 814 2479 meo.

88 2522 96 2541 ‘
197 2510 294 2589 Coepi
311 2508 469 2571 iduorsari
486 2517 601 2592 primo:
622 2513 697 2594 quid
712 2517 818 2575 uerbis
835 2519 954 2596 opust?
1086 2528 1118 2582 75

196 2606 271 2665 Seni
287 2607 390 2668 fidelis
408 2608 480 2670 duim
498 2631 574 2690 oum,
593 2612 732 2692 scapulas
747 2612 883 2694 perdidi.

195 2703 320 2763 Venere
333 2707 366 2764 in
381 2713 517 2767 mentem
532 2711 573 2769 mi
591 2713 700 2769 istaect
723 2710 805 2769 ‘num
822 2729 900 2789 quoe
912 2713 1083 2791 insultiust,

195 2798 368 2861 Aduersum
389 2804 545 2864 stimulum
565 2806 691 2866 eilcesP
715 2809 805 2888 coepi
821 2810 867 2869 eis
885 2811 989 2870 omnin

194 2895 322 2974 Facere,
341 2900 469 2980 obsequi
489 2922 565 2980 quoe
582 2902 711 2963 uellent.
734 2905 792 2969 Du.
807 2905 900 2967 Scisti
915 2909 962 2966 uti
973 2909 1056 2970 foro.

152 3034 168 3050 ,.
195 2991 309 3052 Noster
323 2993 394 3055 mali
408 2994 454 3056 nil
470 3002 630 3077 qulnquum
644 3002 759 3079 primo:
780 3003 832 3061 hic
847 3000 1006 3064 Phuedriu
1083 3017 1119 3071 flu
1159 3011 1162 3077 Ι

195 3090 346 3149 Continuo
366 3094 515 3171 quandum
532 3099 638 3156 nictus
655 3104 704 3156 est
720 3097 889 3177 puellulam
1158 3082 1162 3093 Ι

195 3188 437 3252 Citlmristriam:
457 3194 536 3252 huno
556 3198 658 3254 amore
675 3197 780 3275 coepit
796 3195 932 3276 perdite.

194 3283 239 3339 Ea
255 3286 410 3348 seruiebat
426 3289 532 3349 lenoni
547 3291 768 3370 inqui-insumo:

194 3378 301 3455 Neque
318 3384 400 3459 quod
416 3385 542 3446 deretur
557 3392 733 3468 quicquum:
750 3390 784 3451 id
799 3396 947 3454 cururtnt
959 3403 1083 3476 putres.
