2354 3840
126 190 189 254 204
534 194 724 256 PHORM10.-
847 158 1124 253 vllario-'luris

209 373 356 434 Rescindi
371 393 475 455 posse:
495 382 528 435 et
541 377 633 454 torpe
647 377 814 454 inceptust.
834 375 891 434 Du.
907 375 974 453 Dio,
991 374 1089 437 Crito.

55 498 60 507 ¹
127 468 195 530 Gar.
211 470 277 548 Ego
293 471 421 551 ‘implius
438 471 669 533 deliberandum
686 475 814 533 censeo:

208 566 270 625 lies
297 569 443 644 migrast.
476 569 535 630 Hu.
558 567 713 645 Numquid
731 571 787 628 uds
809 570 882 628 uis?
913 571 969 632 Du,
991 570 1125 629 Fecistis

553 691 564 718 ι
598 685 634 724 ro
684 686 693 724 z

210 763 362 822 Inoe'rtior
377 783 442 822 sum
457 761 553 824 milio
570 667 799 842 ‹fuaddeduddm
823 764 880 824 (is.
892 765 1014 844 Negant

54 936 58 943 Ι
89 885 114 924 20
210 859 348 921 Redisse.
371 861 426 922 Du.
442 862 554 921 Frater
569 862 618 920 est
633 860 840 941 expectandis
857 863 947 921 mihi:
1075 871 1127 926 460

210 958 239 1016 Is
256 957 338 1037 qudd
353 959 428 1017 mihi
444 956 567 1018 dederit
586 957 625 1017 de
639 959 697 1018 hdo
712 977 748 1018 re
763 955 935 1037 eonsilium,
958 957 991 1017 id
1004 977 1126 1036 sequar.

212 1056 429 1118 Percontatum
443 1059 494 1119 ibo
511 1057 550 1117 ad
562 1061 696 1138 portum,
718 1055 818 1136 quoad
831 1075 866 1122 se
880 1056 1021 1136 recipiat.

130 1152 187 1211 (ἔτι,
213 1154 255 1212 At
272 1171 327 1231 ego
345 1136 555 1235 dntiphouem
570 1156 730 1232 quadram,
753 1162 788 1213 ut
809 1173 886 1232 quae
907 1159 974 1212 acta
995 1153 1046 1212 hie
1066 1155 1127 1235 sint

213 1348 277 1407 Sed
292 1368 397 1409 eccum
412 1354 508 1430 ipsum
524 1259 662 1410 uidddldtu
677 1350 818 1428 temporo
832 1349 891 1407 huo
907 1365 940 1406 se
954 1347 1107 1426 recipere.

449 1518 644 1578 Auumuo.
691 1516 810 1576 Gara,

62 1645 102 1698 [ΙΙ
116 1642 194 1713 lArs.
211 1625 301 1701 Enim
316 1661 403 1721 uero,
427 1644 575 1722 Antipho,
598 1641 785 1702 multimodis
799 1661 867 1701 oum
881 1644 959 1701 istoc
976 1641 1077 1700 auimo
1094 1659 1128 1700 es

578 1740 813 1820 uituperaudus:
841 1819 844 1824 ι
1076 1749 1128 1802 465

212 1822 297 1898 diane
314 1845 346 1898 te
361 1839 433 1898 hine
451 1841 550 1899 abisse
565 1845 598 1898 et
617 1841 709 1897 uitam
725 1842 807 1897 tudm
820 1834 977 1896 tutandam
991 1835 1060 1895 aliis
1075 1834 1130 1895 de-

576 1935 673 1994 disse!

216 2016 302 2092 dlios
323 2039 404 2091 tuam
426 2051 492 2092 rem
514 2033 676 2093 credidisti
695 2035 790 2111 migis
809 2052 897 2111 quam
913 2037 978 2091 tete
996 2032 1129 2090 animum

583 2132 791 2192 iduor-suros?

214 2228 289 2286 Nam
306 2229 338 2287 iot
355 2235 388 2288 ut
403 2235 492 2287 erant
506 2228 574 2306 alia,
595 2228 642 2288 illi
659 2235 745 2288 certe
760 2230 838 2306 quae
850 2246 930 2286 uuue
944 2227 1003 2284 tibi
1018 2223 1131 2284 domist

583 2324 773 2403 consuleres,
861 2373 863 2378 .

104 2434 117 2471 ⁵
213 2421 335 2500 Nequid
350 2430 480 2504 propter
495 2428 578 2483 tuam
592 2423 686 2483 fidem
701 2422 831 2503 decepta
847 2431 1011 2504 poteretur
1026 2425 1114 2485 mali:

214 2520 329 2595 Quoius
348 2541 429 2581 nuno
451 2523 581 2581 miserae
606 2524 676 2601 spes
702 2539 839 2600 opesque
866 2523 989 2581 sintin
1013 2534 1046 2582 te
1071 2542 1133 2581 uuo

31 2696 35 2703 Ι
583 2623 687 2680 omnes
708 2620 795 2680 sitae.
987 2609 993 2617 ’
1080 2631 1134 2683 470

92 2716 187 2775 ·-Gu
213 2717 254 2775 Et
271 2717 410 2795 quidem,
431 2736 501 2794 ere,
522 2737 578 2776 nos
591 2719 651 2776 iam
665 2714 780 2775 dridum
795 2717 846 2775 hie
862 2724 893 2776 te
909 2718 1071 2777 absentem
1087 2723 1133 2778 in-

582 2834 730 2892 cusamus,
748 2814 800 2894 qui
817 2816 941 2875 dbieris.

129 2910 187 2971 Ara.
215 2911 262 2970 'l'e
282 2913 381 2990 ipsium
403 2915 596 2991 quaerebam.
625 2913 681 2974 Gu.
698 2911 762 2971 sed
783 2930 819 2970 ea
839 2931 929 2973 eausa
949 2912 1013 2972 uilo
1036 2914 1133 2990 magis

576 3010 755 3073 defecimus.

130 3107 186 3166 Aa.
214 3106 357 3185 Loquere
373 3111 518 3188 dboeom,
543 3130 601 3186 quo
617 3130 687 3168 nam
700 3112 732 3167 in
745 3108 817 3168 loeo
832 3115 903 3168 sunt
917 3110 968 3168 res
985 3117 1018 3169 et
1032 3110 1134 3169 fortu-

581 3210 641 3267 nae'
655 3225 760 3267 meae:

92 3320 116 3358 10
212 3305 366 3384 Numquid
375 3305 613 3385 suboletpatri‘.²
628 3306 685 3367 (ἔτι.
694 3304 745 3364 Nil
756 3306 856 3375 etiam.
869 3307 927 3366 Ars.
935 3303 1058 3382 Ecquid
1065 3292 1132 3384 spei

584 3404 732 3484 porroet?
746 3403 931 3464 GmNdscio.
948 3404 1006 3465 Ars.
1017 3403 1075 3465 Ah.
