2340 3840
101 174 165 237 240
268 198 271 203 ·
391 168 591 230 PROLOGVS
616 165 811 229 HEGYRAE.

187 339 414 399 Deterruissem
432 335 542 413 steile,
563 355 604 394 ne
620 335 694 396 alias
711 337 876 396 scriberet.
891 377 896 383 -

62 472 88 510 20
184 438 272 497 Nune
289 434 362 515 quid
378 440 498 514 petam,
520 453 587 494 mea
602 433 693 493 caina
710 452 810 513 aequo
826 433 931 495 animo
947 431 1090 497 attendite

186 535 341 613 Hecyram
355 531 395 592 td
410 551 465 590 uos
480 532 604 609 refero,
628 534 717 610 qutm
733 532 810 592 mihi
827 550 887 613 per
903 530 1057 594 silentium

187 633 357 710 Numquam
378 634 471 707 igere
491 625 657 688 licitumst:
689 631 733 688 ita
757 647 825 689 eam
851 631 1012 709 oppressit
1032 627 1093 690 etla-

555 726 654 788 mitus.
1068 739 1093 790 30

188 830 263 887 idam
281 825 485 886 etlamitrtem
501 826 606 884 ndstra
621 822 840 903 intellegentia

188 924 332 1000 Sedebit,
354 925 381 982 si
396 923 458 981 erit
474 921 608 981 adidtrix
622 926 749 980 nostrae
761 920 947 982 indirstriue.

183 1023 286 1096 Quom
301 1021 432 1100 primum
447 1037 515 1078 eam
532 1035 625 1096 agere
641 1019 747 1097 coepi,
767 1016 908 1098 pugilum
923 1017 1033 1098 gldriu,

189 1116 385 1195 [Funtmbuli
400 1115 510 1177 eodem
525 1116 656 1176 accessit
673 1116 861 1195 erpeetttio]

189 1216 344 1276 Comitum
360 1222 548 1292 conuentus,
570 1196 737 1292 strepitus,
759 1210 878 1274 clamor
893 1212 1095 1278 miliemmtt
1122 1258 1126 1265 -

186 1316 307 1376 Fecere
324 1321 359 1372 ut
375 1319 446 1372 ante
461 1315 583 1392 tempus
600 1312 717 1371 exirem
734 1311 830 1371 foras.

186 1413 306 1474 Vetere
321 1414 353 1469 in
370 1430 449 1470 noua
468 1412 556 1490 coepi
573 1411 620 1469 nti
635 1407 874 1488 eonsuetridlne‚

186 1509 220 1568 ln
236 1492 425 1588 experiundu
441 1513 475 1566 ut
492 1509 609 1566 dasem:
629 1506 736 1567 refero
754 1505 866 1570 denuo.

186 1604 292 1663 Primo
310 1606 380 1664 totu
395 1601 523 1682 placeo:
547 1622 639 1681 quum
653 1605 777 1663 Interea
790 1605 900 1664 rumdr
918 1606 1007 1664 uenit
1130 1664 1134 1683 ,

187 1703 297 1762 Datum
313 1702 353 1760 iri
368 1699 571 1779 gladiatdres‚
590 1701 722 1781 pupulus
741 1700 897 1781 stimulat,
1073 1712 1100 1765 40

188 1797 430 1859 Tumultuautur
452 1797 584 1858 cltmaut
602 1804 741 1878 pugnant
756 1797 796 1858 de
809 1797 900 1859 loeus
1131 1784 1135 1817 ²

187 1898 253 1974 Ego
270 1898 393 1956 interea
407 1913 508 1955 meum
524 1915 586 1955 non
602 1895 690 1974 pdtui
704 1898 801 1955 tutari
815 1893 932 1957 locum.

79 2049 82 2053 ,
189 1993 276 2052 Nunc
290 1993 383 2051 tirba
397 2010 459 2050 non
474 1996 539 2051 est:
560 1993 655 2050 dtium
671 1996 704 2050 et
718 1991 876 2052 silentium
894 2000 961 2053 est:

188 2088 310 2164 Age'ndi
325 2095 446 2167 tempus
460 2090 534 2147 mssai
551 2089 700 2147 datumst:
721 2091 809 2148 uobis
823 2087 917 2149 datur

187 2184 330 2243 Potestas
350 2184 577 2244 condecortndi
598 2183 691 2245 ludus
708 2186 877 2246 scaenicus.
1076 2202 1104 2249 ta

188 2280 290 2340 Nolite
304 2283 408 2341 sinere
424 2284 480 2361 per
495 2303 551 2341 uos
567 2291 667 2343 artem
682 2286 829 2344 muisicam
1142 2338 1144 2365 ÷

188 2377 343 2438 Recidere
359 2378 398 2439 ad
411 2399 541 2459 pauens:
562 2382 656 2440 facite
671 2390 706 2440 ut
721 2389 828 2441 uostra
845 2384 1019 2444 auetdritaa
1142 2382 1144 2409 ³

188 2477 279 2537 Meae
296 2478 471 2538 auetdritati
486 2479 601 2538 iadtrix
617 2477 812 2559 adiutrixque
827 2483 880 2541 sit.

188 2575 234 2653 [Si
250 2578 413 2654 nimquam
430 2595 522 2635 auare
536 2577 670 2656 pretium
686 2579 781 2637 statui
796 2582 859 2638 arti
871 2597 963 2640 meae

188 2673 229 2732 Et
241 2692 310 2732 eum
323 2675 391 2733 esse
404 2684 563 2753 quaestum
573 2677 606 2734 in
618 2677 751 2736 inimum
765 2673 874 2736 induxi
885 2678 1070 2757 mdxumum,
1081 2689 1111 2742 50

189 2769 284 2842 Quam
301 2774 439 2831 mtxume
454 2776 575 2834 seruire
589 2775 704 2833 uostris
720 2773 920 2854 edmmndia21

189 2866 289 2925 Sinite
304 2869 463 2947 inpetrare
477 2874 543 2949 me,
565 2873 664 2951 quiin
680 2872 811 2933 tuteldm
825 2892 927 2933 meam

189 2960 331 3022 Studidm
347 2984 432 3025 suom
450 2976 483 3026 et
498 2988 532 3027 se
546 2971 578 3026 in
594 2973 731 3029 udstram
746 2972 903 3031 commisit
917 2970 1027 3050 iidem,

187 3059 233 3117 Ne
251 3080 320 3120 eum
337 3067 579 3125 circumuentum
595 3068 702 3146 inique
717 3069 817 3146 iniqui
831 3066 1003 3128 inrideant.

187 3158 260 3215 Mea
275 3162 365 3219 emisa
382 3181 501 3221 causam
518 3166 650 3242 accipite
666 3174 700 3224 et
714 3165 787 3226 dete
802 3165 976 3249 silentium,
1082 3177 1111 3230 tt

188 3254 229 3313 Vt
244 3254 350 3317 hibent
367 3262 506 3320 scribere
521 3260 591 3320 aliis
606 3264 744 3342 mihique
762 3274 797 3324 ut
812 3264 940 3326 discere

187 3347 289 3408 Nonas
305 3354 449 3431 expediat
462 3359 590 3437 pdnthac
603 3362 706 3438 pretio
726 3367 846 3442 emptis
860 3383 944 3428 meo.

501 3465 703 3477 ————
