2354 3840
137 177 200 241 230
255 176 281 215 ⁹
550 174 728 237 Pflouiflo.
872 207 876 214 ·
962 180 1011 237 VB
1024 184 1142 240 68-90

220 359 255 421 ld
269 360 390 420 utsmet
404 355 543 418 indicere
559 354 741 438 placabilius
760 363 818 418 est.

220 457 301 518 Tum
314 458 396 518 huuc
410 458 584 538 inpuratum
601 457 770 536 ptterimus
786 458 893 516 nostrai
909 455 1001 517 moda

36 599 37 603 =
97 577 123 621 ra
219 556 345 620 Vlcisci.
368 556 425 618 Pu.
441 558 539 635 artat,
559 557 620 616 uisi
634 556 676 615 mi
690 556 857 635 prospicio,
874 555 1004 616 haereo.

220 656 263 716 Hi
278 654 460 735 gladiatorio
475 655 575 715 inimo
591 653 630 714 ad
643 671 692 713 me
706 651 864 714 adfecttut
877 655 967 714 uiam.

137 754 194 816 cn.
219 756 262 815 At
277 755 391 814 uereor
405 760 439 813 ut
452 749 568 833 placeri
581 753 689 832 possit.
712 751 768 811 Dra.
783 750 870 811 Baua
888 752 988 811 auimo
1004 769 1056 811 es:
1089 762 1140 818 965

219 854 286 933 Ego
300 852 438 933 redigam
452 872 508 913 uos
523 853 556 912 iu
571 851 709 930 gritiam,
730 851 790 910 hoc
803 849 915 929 iretris,
935 852 1098 930 Chremes,

221 953 319 1028 Quam
336 971 354 1012 e
369 949 471 1012 medio
486 949 620 1012 excessit
635 948 717 1010 riade
731 948 809 1008 haec
824 953 997 1029 suscepttst
1013 951 1080 1010 tibi.

98 1074 122 1115 u
136 1050 193 1112 Pu.
220 1051 306 1112 Itane
321 1051 411 1130 igitir
427 1051 569 1111 mecum!
590 1049 664 1109 sitis
680 1053 781 1109 astute
797 1044 1010 1126 adgredImiui.

219 1147 288 1209 Non
302 1149 412 1209 hercle
427 1167 465 1209 ex
480 1166 516 1209 re
530 1147 619 1208 istius
632 1165 683 1206 me
698 1146 861 1224 instigasti,
882 1145 1046 1226 Demipho.

220 1248 279 1308 iiiu
295 1249 351 1308 tui
373 1247 426 1308 ribi
442 1263 519 1327 quae
532 1244 663 1307 lubitum
680 1245 778 1306 fierit
791 1263 926 1324 peregre
939 1244 1056 1306 feceris
1088 1255 1138 1311 970

219 1345 329 1425 Neque
342 1348 432 1406 huius
448 1347 490 1406 sis
504 1346 623 1406 ueritus
637 1344 771 1405 feminae
785 1344 960 1423 primisiae,

221 1445 302 1520 Quin
316 1444 396 1504 utuo
413 1443 504 1503 modu
519 1445 549 1504 ei
563 1443 686 1503 ficei-es
701 1439 926 1520 coutumeliam,

98 1568 123 1606 su
219 1541 334 1603 Venias
349 1561 430 1602 nune
443 1542 588 1622 precibus
602 1539 717 1601 laritum
734 1539 895 1621 peccatrim
910 1540 1017 1600 tuomi

218 1641 314 1700 Hisce
330 1641 387 1718 ego
401 1638 486 1700 illam
503 1638 594 1700 dictis
607 1640 649 1700 tta
663 1640 721 1699 tibi
735 1641 892 1699 lucensem
908 1635 998 1716 dabo,

218 1739 262 1801 Vt
276 1740 318 1799 ue
333 1739 515 1819 restinguas,
538 1737 682 1799 lacrumis
697 1740 724 1799 si
738 1736 936 1799 extilitueris.
1088 1746 1137 1802 9³15

134 1839 191 1901 iis.
220 1837 349 1916 [Malim
365 1835 448 1917 quod
460 1839 514 1899 isti
530 1836 562 1897 di
579 1836 718 1919 deaeque
735 1837 840 1898 omnes
859 1835 969 1914 duint}

220 1937 362 1998 Tautiue
377 1937 534 1998 adiectum
545 1939 729 2018 quemquam
744 1953 813 1998 esse
826 1936 983 1996 homiuem
997 1932 1138 1996 audacia!

96 2056 121 2096 aa
218 2034 288 2094 Non
301 2034 361 2094 haic
377 2034 545 2114 publicitus
560 2033 661 2094 scelus
675 2035 748 2093 hinc
763 2034 952 2114 asportarier

219 2132 255 2191 lu
269 2130 348 2193 silas
364 2135 478 2194 terras!
501 2135 558 2196 (iu.
574 2118 656 2193 inid
671 2132 815 2194 redactus
834 2134 901 2194 seim
914 2131 988 2210 loci,

218 2230 261 2289 Vt
283 2229 358 2309 quid
378 2249 463 2310 agam
484 2251 552 2293 cum
572 2230 628 2291 illo
648 2233 783 2292 nesciam
796 2251 959 2314 prorsum.
993 2231 1050 2291 Da.
1071 2215 1137 2310 ligo

588 2333 669 2393 scio:
1086 2343 1138 2398 980

217 2433 251 2492 iu
268 2433 317 2494 iris
333 2451 445 2495 eamus.
468 2432 526 2495 Pu.
540 2417 575 2493 iu
589 2432 659 2492 iusi
679 2434 750 2511 huc,
773 2432 875 2512 siquId
889 2431 987 2494 lubet.

134 2533 190 2593 lis.
219 2532 412 2613 Adsequere‚
429 2534 542 2612 retine,
564 2531 637 2594 duim
654 2551 711 2612 ego
726 2532 786 2591 huc
802 2550 910 2591 seruos
924 2533 1030 2593 euoca.

94 2657 119 2698 sa
135 2632 191 2693 (iu.
218 2632 308 2692 Enim
323 2633 444 2710 nequeo
460 2630 560 2692 solus:
583 2630 723 2693 sucurre.
745 2629 803 2692 Pu.
820 2628 888 2692 Vna
903 2630 1047 2691 iniuriast

218 2729 345 2790 Tecum.
375 2731 433 2791 Cu.
456 2731 540 2810 Lege
562 2732 644 2810 agito
665 2748 749 2810 ergo.
782 2729 839 2792 Pu.
863 2712 1004 2792 Alterast
1021 2731 1136 2810 tectim,

576 2833 735 2894 Chremes.

132 2928 187 2989 Da.
215 2930 301 3011 Rape
312 2931 404 2991 hine.
420 2931 477 2992 Pu.
487 2931 538 2992 sic
550 2932 662 3010 agitis?
677 2933 758 2993 enim
770 2951 846 2992 uero
858 2931 966 2991 uocest
978 2951 1070 3012 opus:
1085 2943 1135 2997 985

214 3028 421 3110 Nausistrata,
445 3033 503 3092 eri.
527 3031 584 3092 Cu.
600 3028 643 3092 0s
657 3032 806 3112 apprime.
829 3031 885 3091 Ds.
901 3031 1047 3111 iupuruim
1062 3031 1135 3092 uide

216 3131 368 3208 Quantum
390 3127 484 3190 ualet.
515 3128 572 3192 Pu.
594 3130 802 3209 Nausistrata,
822 3130 955 3209 inquam.
985 3130 1043 3192 (irs.
1065 3131 1136 3191 Ntu

92 3338 117 3378 95
131 3309 188 3370 Pu.
217 3309 371 3371 'l'aceimi
382 3312 512 3373 nultra
523 3230 806 3394 squpsquPfignos
816 3314 849 3373 iu
863 3317 1005 3374 uentrem
1014 3313 1134 3394 ingere.

131 3407 188 3468 Pu.
215 3405 277 3471 Vel
292 3406 413 3488 iculum
428 3408 547 3471 erlider
570 3414 617 3471 est
633 3412 685 3471 ribi
700 3431 756 3472 uos
771 3409 903 3472 uleiscir
916 3413 1025 3492 probe.
