2340 3840
57 191 200 245 ιιι-ιι
267 180 455 244 HBAVTON
479 177 768 244 iiiiORvMENos.
964 180 1025 247 169

50 390 81 431 ιι.
106 365 189 445 Quid
210 365 275 425 eit?
303 364 367 424 Mn.
383 361 528 424 Gaudere
550 359 627 423 tdeo
649 366 768 444 eoepit,
794 365 879 442 qutsi
902 365 954 444 qni
973 384 1025 425 ou·

478 460 568 540 piant
586 462 718 541 mipties.
973 473 1025 528 885

50 585 81 625 ιι.
106 562 265 623 nmmos.
303 559 368 621 Mn.
390 556 472 636 Quid
498 559 616 619 risisti?
657 560 715 620 Gn.
735 559 825 620 Serui
850 559 967 621 uenere
992 563 1025 621 in

479 655 614 715 mentem
635 656 707 734 Syri

109 754 314 817 Ctlliditates.
346 753 411 814 Mn.
428 737 538 812 ltane?
573 753 632 813 Gn.
649 752 762 814 Voltus
785 754 906 831 quoque
928 755 1027 815 homi-

477 867 549 906 num
569 850 658 926 fingit
678 847 789 910 scelus.

50 951 86 1011 [n.
108 949 226 1008 Guttus
248 944 331 1026 quod
351 963 386 1005 se
406 943 569 1005 adsimulat
588 945 713 1024 laetum,
734 945 768 1006 id
790 945 889 1008 dieis?
909 948 966 1010 Gn.
982 948 1025 1009 ld.
1041 968 1065 1007 aa

481 1042 545 1103 Mn.
562 1041 646 1102 idem
663 1041 745 1103 istim
766 1043 841 1102 mihi

107 1143 205 1204 Venit
219 1141 253 1200 iu
266 1140 412 1200 mentem.
436 1139 685 1200 (inveterator.
708 1140 772 1200 Mn.
789 1141 899 1220 Migis,
921 1145 946 1202 si
964 1162 1027 1202 ma-

481 1236 527 1314 gis
548 1239 644 1314 noris,
665 1242 757 1315 putes
975 1249 1027 1304 889

107 1323 154 1396 lta
180 1354 246 1395 rem
268 1351 346 1394 esse.
379 1333 437 1394 Gn.
459 1334 519 1393 Ain
541 1333 598 1392 tn?
629 1334 694 1394 Mn.
714 1335 796 1410 Quin
821 1342 856 1395 tu
880 1336 1026 1397 amula.

344 1429 403 1490 Gn.
421 1430 515 1490 Mtne
533 1435 612 1510 dom,
629 1433 689 1492 hoo
703 1433 790 1512 prius
807 1435 888 1494 soire
904 1436 1026 1515 expeto,

111 1529 191 1607 Quid
209 1526 395 1609 perdideris.
417 1545 487 1587 uam
508 1529 560 1588 obi
580 1527 761 1610 desponsam
781 1531 930 1592 niiutiesti
947 1530 1026 1609 iiiio,

111 1627 264 1711 Continuo
284 1625 428 1684 iniecisse
449 1626 544 1684 uerba
566 1627 624 1685 tibi
643 1627 828 1687 Dromonem
847 1626 979 1707 seilicet,
1104 1689 1105 1693 ,

111 1725 249 1804 Sponsae
267 1719 386 1781 uestem
405 1740 509 1780 aunum
528 1724 619 1799 ttque
634 1720 760 1782 ancillas
778 1726 854 1802 opus
871 1742 956 1784 esse:
979 1743 1027 1783 ur·
1040 1749 1066 1789 ao

481 1826 606 1896 gentum
624 1821 661 1878 ait
679 1818 779 1881 dures.

50 1923 89 1983 in.
109 1919 187 1981 Non.
216 1919 274 1980 Cn.
292 1915 394 1993 Quint
413 1917 500 1976 non?
526 1915 591 1976 Mn.
606 1915 674 1976 Nou
692 1918 822 1994 inquam.
845 1917 903 1980 Gn.
920 1918 1028 1996 Neque

301 2019 370 2098 ipse
387 2017 518 2096 gnotus?
539 2017 604 2078 Mn.
619 2015 673 2076 Nil
691 2019 845 2096 prorsum,
868 2018 1026 2079 Chremes.

112 2117 211 2194 Migis
237 2134 330 2175 uuum
361 2116 453 2174 etiam
480 2115 614 2191 insum,
647 2123 682 2174 ut
706 2114 800 2175 hodie
828 2116 1028 2175 conficiantur

482 2213 618 2291 nuptiae.
976 2222 1027 2276 895

50 2317 85 2373 ia.
110 2311 193 2370 Mira
214 2327 330 2371 narras.
354 2307 428 2388 quid
444 2307 540 2387 Syrus
563 2311 671 2369 meus?
692 2327 733 2368 ne
755 2314 780 2369 is
802 2308 925 2388 quidem
942 2309 1028 2388 quic·

483 2408 595 2485 quim?
616 2407 681 2469 Mn.
696 2404 790 2465 Nihil.

50 2518 87 2566 ia.
114 2508 209 2583 Quam
233 2505 351 2580 obrem,
372 2503 488 2562 neseio.
514 2503 578 2563 Mn.
594 2489 745 2582 dquidem
767 2503 873 2580 miror,
896 2503 949 2582 qni
970 2501 1028 2562 alia

484 2605 546 2658 tam
567 2597 660 2678 plane
682 2599 769 2658 seius.
901 2639 911 2650 ,.

113 2697 176 2757 sed
190 2695 248 2756 ille
263 2702 348 2756 tuom
365 2697 486 2773 quoque
502 2696 598 2774 Syrus
616 2693 699 2755 idem
714 2699 793 2755 mire
809 2695 899 2754 finxit
916 2694 1027 2772 filium,
1041 2712 1067 2752 ιι

111 2780 155 2854 it
176 2813 217 2879 ne
238 2791 396 2874 paululiim
419 2791 542 2872 quidem
565 2790 686 2851 subolet
707 2792 776 2852 esse
801 2793 927 2851 ominem
950 2793 1029 2852 hane

482 2888 609 2952 Cliniae.

53 3012 83 3051 u.
112 2989 194 3068 Quid
214 2991 279 3050 a'is‘i
300 2990 366 3049 Mn.
383 2989 476 3049 Mitto
496 2987 557 3047 iam
578 2985 712 3046 (iaculari
734 2992 826 3063 etque
847 2983 1028 3065 tmplexari:

479 3083 513 3143 id
532 3083 579 3144 nil
596 3091 680 3163 puto.
978 3092 1029 3144 900

53 3205 84 3245 ιι.
113 3183 192 3260 Quid
204 3183 346 3262 estquod
358 3182 486 3262 ampliais
500 3181 684 3243 simuletur?
699 3181 763 3240 Mn.
780 3181 858 3242 th.
878 3181 935 3241 cn.
949 3175 1030 3253 Quid

123 3361 131 3377 Ι
482 3281 553 3341 est?
577 3279 642 3338 Mn.
659 3275 742 3336 Audi
759 3276 860 3337 modo.

110 3379 168 3437 Est
183 3377 258 3436 mihi
272 3374 388 3436 ultimis
404 3376 550 3438 conclaue
564 3379 596 3436 in
612 3373 739 3436 aedibus
755 3373 906 3452 quoddam
925 3379 1029 3433 retrot
