2340 3840
100 173 165 237 252
513 120 679 231 HEciiiA.
867 128 872 137 ⁸
904 173 1094 229 111112-27
1143 44 1149 125 1

196 357 292 416 Liuia
309 362 397 432 sunt,
423 373 500 434 quae
521 354 555 412 tri
576 351 740 430 pergravia
763 368 832 410 esse
852 354 885 410 in
907 351 1040 413 animum
1057 353 1097 412 in

560 448 646 508 duxti
662 457 754 508 tuom.

102 552 181 614 Pau,
199 551 280 627 Quid
294 549 454 610 cinsolare
468 548 540 608 me?
565 550 604 606 in
620 547 781 626 quisquam
796 567 925 626 usquam
940 551 1100 629 gentiumnt

558 646 656 721 aeque
671 645 791 704 miser?

196 748 396 824 Priusquam
416 744 495 803 hinc
516 761 642 802 uxorem
664 739 754 819 duxi,
776 742 928 804 habebam
947 742 1025 804 alibi
1044 747 1102 805 iui-

560 859 642 898 mum
657 839 755 898 amori
770 837 924 900 deditum:

61 975 86 1016 ω
197 939 314 998 'famen
331 957 494 1017 numquam
514 956 604 996 ausus
625 936 691 996 siun
707 955 852 997 recusare
874 942 943 1000 eim
959 960 1050 1018 quam
1065 943 1104 1002 mi

484 1029 488 1043 ⁴
558 1032 697 1093 obtrudit
710 1040 817 1114 pater:
1057 1049 1103 1103 295

63 1164 88 1204 15
195 1136 255 1196 lam
271 1136 304 1194 in
318 1135 376 1194 hic
393 1154 438 1211 re,
454 1140 489 1194 ut
503 1142 630 1212 taceam,
649 1134 769 1213 quotuls
784 1133 877 1194 facile
892 1138 1006 1196 scitust
1020 1157 1103 1218 quum

558 1234 671 1294 fuerim
688 1234 793 1295 miser.
1080 1294 1087 1305 ,

195 1335 255 1396 Vix
269 1353 318 1393 me
332 1332 410 1393 illlm
425 1333 558 1392 abstraxi
571 1341 663 1410 atque
677 1331 850 1413 inpedItum
863 1334 896 1392 in
912 1351 950 1393 ea
964 1330 1103 1414 expediri

560 1434 693 1492 animum
707 1451 820 1511 meum,

196 1532 318 1609 Vixque
332 1532 393 1591 huie
409 1528 616 1591 contuleram:
639 1550 688 1590 em
703 1535 784 1590 nina
801 1548 853 1591 res
875 1537 991 1609 ortast,
1014 1532 1105 1612 pirre

559 1631 596 1688 ab
611 1629 669 1689 hae
685 1647 763 1706 quae
778 1647 828 1688 rne
842 1627 1011 1689 ibstrahat.

198 1727 278 1788 Tum
296 1730 425 1788 mittem
447 1745 484 1787 ex
506 1747 542 1787 ea
561 1745 597 1787 re
616 1744 665 1786 me
686 1728 739 1786 ait
755 1745 883 1786 uxorem
901 1727 935 1785 in
952 1725 1044 1808 culpa
1061 1727 1105 1786 in·

562 1832 724 1885 uenturum
741 1825 893 1884 irbitror:
949 1905 952 1910 Ι

199 1922 289 1999 Quod
305 1942 396 2002 quom
412 1927 455 1983 ita
472 1941 540 1983 esse
556 1923 716 1999 inueneri,
735 1920 810 2000 quid
825 1927 924 1982 restat
939 1922 999 1982 nisi
1013 1942 1104 2003 porro

558 2027 592 2079 ut
606 2020 676 2079 iiim
691 2020 808 2079 miser?
1058 2033 1105 2085 300

195 2113 271 2174 Nam
298 2117 405 2175 mitris
432 2118 519 2176 ferre
548 2117 677 2176 iniurias
703 2136 767 2195 me,
804 2119 972 2198 l'trmenu,
1008 2121 1105 2201 pietia

558 2213 660 2271 iubet:

197 2307 278 2366 'l'um
299 2309 385 2368 uxriri
408 2310 557 2369 obnoxiis
579 2329 660 2369 sum:
682 2312 725 2370 ita
746 2311 818 2372 olim
836 2316 891 2373 sui
911 2333 962 2374 me
982 2316 1106 2394 ingenie

559 2407 700 2489 pe'rtulit,

199 2502 262 2562 Tot
279 2507 362 2563 mets
383 2506 511 2565 iniuriis
533 2526 611 2583 quae
632 2526 795 2586 numquam
816 2509 849 2566 in
870 2506 936 2568 illo
957 2511 1108 2588 patefecit

556 2601 637 2667 loco.

198 2693 261 2754 Sed
284 2699 424 2774 mignum
445 2701 551 2760 neseio
573 2700 646 2779 quid
667 2708 826 2762 necessest
851 2703 1010 2782 euenisse,
1033 2705 1108 2765 Pir·

558 2817 659 2876 meno,
775 2861 782 2877 ,

64 2901 89 2941 aa
198 2886 289 2948 Vnde
309 2892 354 2946 ira
370 2890 453 2952 iuter
472 2911 523 2951 eas
545 2896 739 2973 intercessit,
762 2898 839 2975 quae
859 2906 919 2959 tam
937 2905 1107 2979 permansit

547 2990 609 3050 diu.
1056 3008 1106 3061 305

102 3083 178 3144 Pau.
197 3085 259 3143 Aut
282 3083 389 3144 hercle
415 3106 557 3165 paruum,
589 3093 615 3147 si
645 3091 691 3149 uis
721 3109 796 3152 uero
824 3093 928 3153 ueram
954 3095 1105 3154 rationem

558 3186 677 3264 exequi.

196 3282 265 3345 Non
286 3282 456 3358 mirumne,
485 3302 562 3359 quae
583 3290 738 3347 mixumae
761 3295 832 3349 sunt
853 3288 1011 3352 Interdum
1031 3290 1107 3366 irae,

559 3399 689 3443 iniuriae

305 3544 451 3599 A
