2340 3840
126 207 147 261 4
445 198 552 258 VITA
588 198 818 260 TERENTll.

74 378 117 441 (l)
213 371 332 443 Scripsit
351 370 514 427 comoedias
532 389 600 440 sex,
617 389 654 426 ex
671 375 772 444 quibus
788 373 909 442 primam
919 372 1059 428 Andriam
1077 390 1139 430 eum

128 456 266 512 aedilibus
285 455 377 522 daret,
397 457 490 510 iussus
508 462 572 510 ante
585 455 703 512 Caecilio
722 456 840 510 recitare
858 455 896 509 ad
912 463 1062 511 cenantem
1077 474 1139 513 cum

131 542 268 606 uenisset,
287 540 377 595 dictus
389 545 432 594 est
443 540 549 594 initium
562 541 675 610 quidem
693 541 820 608 fabulae,
837 538 914 611 quod
925 546 986 595 erat
996 548 1139 613 contemp·

129 625 199 678 tiore
218 625 337 692 uestitu,
364 625 497 679 subsellio
522 624 598 679 iuxta
620 626 751 679 lectulum
774 622 905 679 residens
931 625 1054 695 legisse,
1075 632 1140 697 post

94 722 233 778 ,5paucos
247 725 312 763 uero
325 724 425 762 uersus
438 707 569 762 inuitatus
581 714 610 762 ul
620 708 800 764 adcumberet
810 723 930 762 cenasse
944 725 1017 777 una,
1034 708 1139 765 deinde

129 798 222 846 cetera
243 791 419 861 percurrisse
443 807 499 846 non
521 793 581 846 sine
605 809 707 864 magna
731 790 843 848 Caecilii
866 791 1064 849 admiratione.
1105 794 1140 849 El

128 875 201 930 hanc
226 881 318 930 autem
344 880 371 929 et
397 875 519 945 quinque
545 876 667 946 reliquas
692 877 846 946 aequaliter
866 876 973 947 populo
997 878 1138 948 probauit.

129 958 263 1025 Quamuis
273 959 418 1013 Volcatius
434 958 469 1012 de
482 961 690 1014 enumeratione
705 960 827 1015 omnium
843 960 880 1013 ita
892 961 1012 1015 scribat:

171 1040 300 1097 Sume'tur
313 1059 348 1097 ex
361 1042 406 1096 his
418 1042 530 1114 He'cyra
542 1049 622 1098 sexta
635 1041 737 1099 fabula.

86 1134 118 1185 10
127 1125 278 1181 Eunuchus
297 1126 409 1196 quidem
425 1127 468 1182 bis
490 1165 497 1181 .
518 1166 525 1181 .
548 1134 610 1181 acta
628 1134 671 1182 est
683 1128 837 1198 meruitque
850 1128 985 1197 pretium,
1004 1136 1137 1199 quantum

128 1210 203 1263 nulla
215 1215 297 1264 antea
309 1211 473 1280 cuiusquam
485 1211 648 1278 comoedia,
665 1210 797 1266 uidelicet
814 1218 876 1265 octo
888 1212 965 1265 milia
977 1226 1136 1269 nummum:

128 1298 277 1364 propteroa
296 1310 405 1349 summa
424 1310 535 1365 quoque
553 1294 630 1350 titulo
649 1295 806 1350 ascribitur.
851 1295 923 1349 Nam
941 1295 1137 1368 Adelphorum

127 1377 295 1447 principium
309 1379 401 1432 Varro
414 1380 497 1432 ctiam
508 1381 631 1448 praelcrt
641 1380 779 1449 principio
791 1377 950 1433 Menandri.

212 1461 274 1515 Non
292 1463 413 1516 obscura
425 1462 500 1516 lama
511 1468 554 1516 est
566 1461 692 1517 adiutum
701 1461 811 1516 Terenti
817 1478 861 1517 um
873 1463 902 1516 in
914 1463 1027 1534 scriptis
1040 1481 1057 1519 a
1069 1465 1137 1519 bae·

85 1554 118 1609 15
130 1545 167 1600 lio
186 1551 213 1600 et
230 1544 362 1615 Scipione
373 1561 380 1613 ;
398 1559 515 1615 eamque
535 1546 595 1616 ipse
608 1546 700 1600 auxit:
721 1561 872 1615 numquam
885 1547 960 1602 enim
972 1548 1028 1602 nisi
1039 1548 1137 1603 leuiter

130 1646 161 1684 se
174 1629 254 1683 tutari
267 1636 398 1696 conatur,
410 1634 440 1683 ut
450 1629 478 1682 in
487 1630 605 1701 prologo
618 1629 827 1699 Adelphorum:

171 1714 242 1767 Nam
253 1713 329 1784 qudd
341 1714 385 1768 isti
399 1713 494 1767 dicunt
504 1711 642 1780 maliuoli,
655 1712 783 1767 homines
795 1712 896 1768 nobilis

171 1797 250 1852 Hunc
264 1795 389 1853 adiutare
402 1794 577 1868 adsidueque
590 1812 646 1852 una
658 1793 797 1853 scribere:

135 1885 137 1888 ‘
172 1881 254 1949 Quod
266 1879 306 1936 illi
317 1881 495 1937 maledictum
509 1880 625 1936 ue'mens
636 1895 695 1936 ease
706 1877 882 1949 existumant,

84 1976 119 2027 ⁸20
173 1966 243 2020 Eam
257 1966 369 2021 latidem
379 1963 426 2019 hic
439 1963 515 2018 ducit
525 1962 700 2031 maxumam,
720 1981 803 2034 quom
815 1960 870 2020 illis
881 1965 984 2035 placet,

173 2049 224 2116 Qui
238 2049 318 2104 udbis
331 2047 472 2102 uniuo'rsis
485 2053 512 2102 el
521 2047 626 2118 populd
637 2047 763 2118 placent:

172 2133 296 2199 Quorum
308 2131 395 2202 dpera
406 2133 433 2184 in
444 2131 531 2199 bello,
546 2132 573 2185 in
585 2129 657 2196 (itio,
674 2132 703 2184 iu
716 2131 828 2202 negotio

173 2214 230 2271 Suo
243 2213 361 2286 quisque
374 2221 496 2286 tempore
511 2215 591 2270 risust
602 2215 663 2270 sine
676 2215 817 2286 superbia.

129 2300 249 2355 Videtur
265 2307 357 2355 autem
375 2316 406 2354 se
424 2299 514 2354 leuius
535 2298 713 2367 defendisse,
733 2299 798 2370 quia
810 2298 917 2353 sciebat
928 2298 1026 2352 Laelio
1038 2304 1067 2352 et
1079 2297 1136 2356 Sci·

84 2395 118 2448 25
129 2386 206 2456 pioni
225 2401 280 2438 non
299 2385 436 2456 ingratam
447 2400 511 2438 esse
528 2384 601 2438 hane
616 2384 790 2453 opinionem:
815 2398 887 2452 quae
900 2389 994 2437 tamen
1005 2383 1139 2454 magis'et

75 2478 118 2543 (3)
130 2487 220 2541 usque
238 2469 276 2524 ad
293 2470 449 2540 posteriora
465 2474 591 2539 tempora
608 2467 705 2523 ualuit.
747 2466 777 2522 C.
795 2465 943 2520 lllemmius
963 2466 992 2520 in
1009 2468 1137 2523 oratioue

130 2571 181 2626 pro
194 2571 225 2609 se
237 2556 276 2608 ait
287 2556 331 2608 (Ρ.
342 2554 503 2619 Africanus,
517 2553 563 2623 qui
575 2569 592 2607 a
604 2552 733 2607 Terentio
745 2566 896 2622 personam
910 2557 1054 2605 mutuatus
1066 2566 1138 2623 quae

130 2638 206 2693 domi
218 2639 323 2692 luserat
334 2638 395 2708 ipse
407 2637 519 2690 nomine
539 2637 611 2690 illius
630 2637 658 2688 in
675 2652 789 2690 scenam
805 2631 925 2688 detulit’.
956 2634 1055 2705 Nepos
1074 2650 1139 2689 auc·

129 2729 189 2776 tore
206 2728 284 2777 cerlo
301 2720 474 2791 comperisse
492 2736 523 2774 se
541 2720 593 2786 ait,
612 2717 642 2774 C.
655 2719 779 2773 Laelium
792 2717 933 2788 quondam
944 2718 973 2772 in
983 2719 1138 2773 Puteolano

85 2817 121 2872 30
132 2805 257 2862 calendis
268 2804 376 2860 Martiis
388 2803 559 2858 admonitum
572 2805 606 2858 ab
618 2819 722 2870 uxore,
735 2803 886 2872 temperius
897 2807 927 2855 ut
938 2801 1138 2868 discumberet,

131 2892 236 2962 petisse
251 2891 285 2944 ab
305 2906 339 2944 ea
350 2905 385 2942 ne
396 2887 632 2958 interpellaretur:
651 2888 742 2942 serius
754 2885 869 2941 tandem
880 2887 1043 2956 ingressum
1055 2885 1140 2940 tricli-

132 2976 208 3029 nium
225 2975 332 3028 dixisse
349 2989 405 3026 non
425 2987 512 3041 saepe
531 2973 559 3025 in
582 2971 730 3026 scribendo
751 2971 842 3041 magis
866 2971 1043 3026 successisse
1069 2970 1139 3025 sibi:

133 3058 235 3114 deinde
247 3063 374 3129 rogatum
384 3063 414 3111 ut
425 3056 529 3126 scripta
541 3056 587 3110 illa
598 3057 736 3127 prolerret
745 3055 943 3126 pronuntiasse
955 3070 1074 3122 uersus,
1092 3054 1138 3126 qu²

133 3152 196 3199 sunt
208 3145 235 3198 in
248 3141 573 3196 Heautontimorumeno:

87 3249 121 3302 35
175 3242 250 3299 Satis
262 3241 309 3313 po'l
321 3246 452 3312 proterue
464 3238 508 3293 md
521 3237 587 3310 Syri
599 3234 740 3310 promissa
751 3236 806 3292 huc
819 3236 998 3291 induxerunt.

81 3332 123 3395 ll)
135 3328 237 3386 Santra
251 3325 409 3381 Terentium
427 3323 580 3390 existimat,
601 3325 625 3378 si
642 3321 726 3377 modo
746 3323 774 3376 in
793 3320 944 3376 scribendo
962 3318 1140 3375 adiutoribus

133 3413 298 3485 indiguerit,
321 3415 449 3465 nontam
467 3407 599 3479 Scipione
624 3414 652 3462 et
668 3406 762 3462 laelio
782 3405 820 3460 uti
837 3405 978 3472 notuisse,
1002 3404 1050 3475 qui
1073 3409 1145 3479 lunc,
