2340 3840
86 182 122 234 12
136 180 250 236 35-65
496 171 674 236 l‘HORisso.
1024 176 1083 242 187

166 358 315 417 Restdbut
330 353 414 416 aliud
427 352 473 415 nil
487 356 547 415 nisi
563 354 667 416 oeulos
681 344 820 435 pascere,
1049 370 1082 424 85
1096 379 1122 422 aa

168 458 299 536 Sectiri,
321 457 355 517 in
367 452 475 516 ludum
490 455 605 517 dicere
619 463 651 516 et
665 453 849 520 redddeere.

165 555 230 617 Nos
247 555 339 615 otiosi
354 557 479 634 operim
497 550 641 614 dabamus
655 554 837 617 Phaedriae.

165 655 200 714 ln
219 673 279 733 quo
296 653 374 712 isaeo
391 649 531 712 discebat
543 650 631 730 luido,
652 652 854 730 exaduersum
869 655 900 712 ei
914 650 985 712 loco

164 753 312 812 Tostrina
328 754 398 809 erat
415 747 574 829 quaedam,
594 748 646 809 irio
663 749 836 810 solebunos
852 749 922 809 fere

164 847 352 928 Plerrimque
368 864 434 907 eam
446 848 594 927 opperiri,
610 846 681 907 dum
695 846 769 908 inde
780 847 842 907 iret
856 844 987 910 domum.
1047 856 1082 910 90
1094 865 1120 906 ro

164 947 288 1007 interea
305 942 377 1005 dnm
393 942 537 1004 sedemus
555 943 612 1021 illi,
632 945 802 1011 interuenit

167 1040 360 1103 Adulescens
378 1040 501 1121 quidam
518 1039 699 1102 lacrumans.
718 1062 775 1103 nos
791 1044 943 1103 mirarier.

164 1143 316 1221 Rogaimus
331 1141 405 1220 quid
418 1142 473 1200 sit:
489 1139 663 1220 ‘nrimquam
675 1146 784 1219 acque’
800 1143 901 1220 inquit
915 1141 962 1202 ‘de
971 1140 1062 1202 modo

164 1242 334 1320 Paupertas
348 1240 424 1299 mihi
440 1258 516 1299 onus
530 1240 656 1299 uisumst
672 1246 703 1299 et
715 1241 861 1300 miserum
876 1241 908 1299 et
922 1258 1025 1318 graue.

164 1339 260 1400 Modo
273 1336 424 1419 quindam
439 1336 504 1396 uidi
518 1338 668 1416 uirginem
682 1339 734 1398 hic
747 1339 878 1398 uiciniae
1045 1348 1078 1402 95
1091 1362 1117 1402 ra

164 1439 322 1516 Miseram,
344 1455 428 1496 auam
444 1440 573 1494 matrem
590 1433 754 1495 limentari
770 1438 935 1496 mdrtuam:

164 1536 208 1594 lla
227 1538 286 1594 sita
300 1540 367 1594 erat
385 1528 586 1592 exaduersum
602 1550 702 1611 neque
717 1531 764 1594 illi
781 1531 961 1594 beniuolens

161 1632 271 1709 Neque
285 1632 376 1690 ndtus
387 1647 489 1708 neque
506 1634 651 1708 cognitus
667 1637 753 1691 extra
766 1650 856 1693 unam
870 1629 1019 1692 iniculam

164 1730 329 1809 Quisquam
344 1726 462 1806 oderat,
478 1729 531 1807 qui
546 1727 699 1788 adiutiret
715 1730 815 1791 funus.
837 1730 1047 1789 miseritumst.

164 1827 260 1906 Virgo
275 1829 341 1907 ipsa
355 1825 435 1885 faeie
454 1825 602 1903 egregia!
626 1825 699 1905 quid
716 1828 821 1886 uerbis
836 1826 947 1905 opust‘i
1026 1836 1078 1887 100
1091 1844 1117 1886 oo

164 1925 339 1984 Gommdrat
355 1923 455 1982 omnis
473 1923 539 1981 nais.
561 1921 606 1981 ibi
623 1923 768 1983 continuo
784 1904 920 2005 riutipho

162 2019 316 2083 ‘Voltisne
331 2037 434 2080 eamus
449 2021 551 2080 uisere
558 2019 585 2079 ‘l'
609 2019 685 2080 alius
707 2020 850 2080 ‘censeor

160 2120 288 2181 Eimus:
309 2116 369 2180 duc
383 2137 440 2178 uos
455 2117 569 2178 otides!
593 2120 681 2198 imus,
699 2120 848 2196 uenimus,

160 2214 325 2279 Videmus:
346 2217 434 2294 uirgo
450 2216 597 2296 prilchra:
619 2223 651 2277 et
667 2238 726 2296 quo
741 2218 836 2296 magis
853 2214 985 2294 diceres,

160 2312 212 2375 Nil
227 2313 335 2374 iderat
348 2311 515 2376 adiumenti
530 2312 570 2374 ad
581 2313 859 2395 pulchritudinem:
1026 2321 1076 2374 105
1089 2329 1116 2370 aa

162 2411 299 2492 Capillus
312 2431 429 2492 passus,
450 2411 551 2473 nridus
564 2431 630 2492 pes,
650 2414 717 2493 ipsa
730 2412 867 2490 hdrridm

160 2512 338 2591 hemmae,
353 2513 485 2573 uestitus
501 2511 616 2590 tairpis:
638 2516 683 2585 ut,
698 2512 731 2570 ni
746 2513 793 2570 uis
808 2510 882 2568 boni
898 2557 903 2563 .

160 2610 195 2670 ln
211 2614 276 2690 ipsa
289 2610 407 2670 inesset
421 2611 530 2688 forma,
551 2610 628 2668 iraec
645 2610 774 2670 formam
790 2612 1015 2687 extinguerent.

161 2706 219 2765 ille
235 2707 286 2786 qui
302 2703 386 2766 illam
402 2710 521 2768 amabat
534 2706 694 2768 fidicinem
709 2708 827 2768 tantiam
841 2706 932 2767 modo

161 2806 265 2864 ‘Satis'
278 2805 378 2882 inquit
389 2805 534 2865 ‘scitust'z
549 2808 658 2866 miter
666 2826 742 2867 uero
752 2855 775 2871 ..
791 2807 849 2868 lla.
860 2807 921 2868 lim
932 2806 1012 2866 scio:
1025 2815 1076 2867 110
1088 2817 1116 2860 ⁰⁰

161 2905 272 2963 Amire
287 2904 401 2984 coepit.
432 2904 488 2964 Ga.
504 2905 576 2965 Scin
593 2907 704 2985 quami
725 2927 785 2986 quo
801 2905 912 2967 euadit
926 2903 1008 2966 uide.

159 2999 315 3062 Postridie
330 2998 370 3061 ad
385 3021 475 3062 auum
489 3003 574 3063 recia
588 3006 706 3085 pergit:
729 3008 881 3084 ebsecrat,

159 3100 202 3162 Vt
219 3101 277 3161 sibi
292 3102 358 3161 eiua
374 3100 468 3160 iaciat
482 3103 609 3183 eripiam.
631 3101 687 3162 illa
702 3104 783 3163 enim
801 3106 836 3163 ιε’
850 3107 943 3182 negat

159 3198 268 3276 Neque
282 3217 352 3258 eum
367 3200 496 3279 aequom
517 3203 559 3260 ait
572 3200 693 3261 iacere:
718 3198 800 3262 iilam
816 3202 915 3262 ciuem
930 3219 1000 3265 esse
1018 3185 1076 3265 it-

529 3301 622 3361 ticam

157 3391 274 3453 Bondm
288 3395 378 3456 bonis
391 3400 585 3477 prognitam·
608 3397 634 3456 si
649 3397 776 3456 urore'm
790 3392 870 3457 uelit
1024 3407 1075 3461 115
1089 3410 1115 3453 ⁶⁵
